orderbook_timestamp,book,bid,ask,spread
2024-07-17 19:21:25+00:00,usd_mxn,17.69,17.7,0.056
2024-07-17 19:21:26+00:00,usd_mxn,17.69,17.7,0.056
2024-07-17 19:21:27+00:00,usd_mxn,17.69,17.7,0.056
2024-07-17 19:21:28+00:00,usd_mxn,17.69,17.7,0.056
2024-07-17 19:21:29+00:00,usd_mxn,17.69,17.7,0.056
2024-07-17 19:21:30+00:00,usd_mxn,17.69,17.7,0.056
2024-07-17 19:21:31+00:00,usd_mxn,17.69,17.7,0.056
2024-07-17 19:21:32+00:00,usd_mxn,17.69,17.7,0.056
2024-07-17 19:21:33+00:00,usd_mxn,17.69,17.7,0.056
2024-07-17 19:21:34+00:00,usd_mxn,17.69,17.7,0.056
2024-07-17 19:21:35+00:00,usd_mxn,17.69,17.7,0.056
2024-07-17 19:21:36+00:00,usd_mxn,17.69,17.7,0.056
2024-07-17 19:21:37+00:00,usd_mxn,17.69,17.7,0.056
2024-07-17 19:21:38+00:00,usd_mxn,17.69,17.7,0.056
2024-07-17 19:21:39+00:00,usd_mxn,17.69,17.7,0.056
2024-07-17 19:21:40+00:00,usd_mxn,17.69,17.7,0.056
2024-07-17 19:21:41+00:00,usd_mxn,17.69,17.7,0.056
2024-07-17 19:21:42+00:00,usd_mxn,17.69,17.7,0.056
2024-07-17 19:21:43+00:00,usd_mxn,17.69,17.7,0.056
2024-07-17 19:21:44+00:00,usd_mxn,17.69,17.7,0.056
2024-07-17 19:21:45+00:00,usd_mxn,17.69,17.7,0.056
2024-07-17 19:21:47+00:00,usd_mxn,17.69,17.7,0.056
2024-07-17 19:21:48+00:00,usd_mxn,17.69,17.7,0.056
2024-07-17 19:21:49+00:00,usd_mxn,17.69,17.7,0.056
2024-07-17 19:21:50+00:00,usd_mxn,17.69,17.7,0.056
2024-07-17 19:21:51+00:00,usd_mxn,17.69,17.7,0.056
2024-07-17 19:21:52+00:00,usd_mxn,17.69,17.7,0.056
2024-07-17 19:21:53+00:00,usd_mxn,17.69,17.7,0.056
2024-07-17 19:21:54+00:00,usd_mxn,17.69,17.7,0.056
2024-07-17 19:21:55+00:00,usd_mxn,17.69,17.7,0.056
2024-07-17 19:21:56+00:00,usd_mxn,17.69,17.7,0.056
2024-07-17 19:21:57+00:00,usd_mxn,17.69,17.7,0.056
2024-07-17 19:21:58+00:00,usd_mxn,17.69,17.7,0.056
2024-07-17 19:21:59+00:00,usd_mxn,17.69,17.7,0.056
2024-07-17 19:22:00+00:00,usd_mxn,17.69,17.7,0.056
2024-07-17 19:22:01+00:00,usd_mxn,17.69,17.7,0.056
2024-07-17 19:22:02+00:00,usd_mxn,17.69,17.7,0.056
2024-07-17 19:22:03+00:00,usd_mxn,17.69,17.7,0.056
2024-07-17 19:22:04+00:00,usd_mxn,17.69,17.7,0.056
2024-07-17 19:22:05+00:00,usd_mxn,17.69,17.7,0.056
2024-07-17 19:22:06+00:00,usd_mxn,17.69,17.7,0.056
2024-07-17 19:22:07+00:00,usd_mxn,17.69,17.7,0.056
2024-07-17 19:22:08+00:00,usd_mxn,17.69,17.7,0.056
2024-07-17 19:22:09+00:00,usd_mxn,17.69,17.7,0.056
2024-07-17 19:22:10+00:00,usd_mxn,17.69,17.7,0.056
2024-07-17 19:22:11+00:00,usd_mxn,17.69,17.7,0.056
2024-07-17 19:22:13+00:00,usd_mxn,17.69,17.7,0.056
2024-07-17 19:22:14+00:00,usd_mxn,17.69,17.7,0.056
2024-07-17 19:22:14+00:00,usd_mxn,17.69,17.7,0.056
2024-07-17 19:22:15+00:00,usd_mxn,17.69,17.7,0.056
2024-07-17 19:22:17+00:00,usd_mxn,17.69,17.7,0.056
2024-07-17 19:22:17+00:00,usd_mxn,17.69,17.7,0.056
2024-07-17 19:22:18+00:00,usd_mxn,17.69,17.7,0.056
2024-07-17 19:22:19+00:00,usd_mxn,17.69,17.7,0.056
2024-07-17 19:22:20+00:00,usd_mxn,17.69,17.7,0.056
2024-07-17 19:22:21+00:00,usd_mxn,17.69,17.7,0.056
2024-07-17 19:22:22+00:00,usd_mxn,17.69,17.7,0.056
2024-07-17 19:22:23+00:00,usd_mxn,17.69,17.7,0.056
2024-07-17 19:22:25+00:00,usd_mxn,17.69,17.7,0.056
2024-07-17 19:22:25+00:00,usd_mxn,17.69,17.7,0.056
2024-07-17 19:22:26+00:00,usd_mxn,17.69,17.7,0.056
2024-07-17 19:22:27+00:00,usd_mxn,17.69,17.7,0.056
2024-07-17 19:22:28+00:00,usd_mxn,17.69,17.7,0.056
2024-07-17 19:22:29+00:00,usd_mxn,17.69,17.7,0.056
2024-07-17 19:22:30+00:00,usd_mxn,17.69,17.7,0.056
2024-07-17 19:22:31+00:00,usd_mxn,17.69,17.7,0.056
2024-07-17 19:22:32+00:00,usd_mxn,17.69,17.7,0.056
2024-07-17 19:22:34+00:00,usd_mxn,17.69,17.7,0.056
2024-07-17 19:22:35+00:00,usd_mxn,17.69,17.7,0.056
2024-07-17 19:22:36+00:00,usd_mxn,17.69,17.7,0.056
2024-07-17 19:22:37+00:00,usd_mxn,17.69,17.7,0.056
2024-07-17 19:22:38+00:00,usd_mxn,17.69,17.7,0.056
2024-07-17 19:22:39+00:00,usd_mxn,17.69,17.7,0.056
2024-07-17 19:22:40+00:00,usd_mxn,17.69,17.7,0.056
2024-07-17 19:22:41+00:00,usd_mxn,17.69,17.7,0.056
2024-07-17 19:22:42+00:00,usd_mxn,17.69,17.7,0.056
2024-07-17 19:22:43+00:00,usd_mxn,17.69,17.7,0.056
2024-07-17 19:22:44+00:00,usd_mxn,17.69,17.7,0.056
2024-07-17 19:22:46+00:00,usd_mxn,17.69,17.7,0.056
2024-07-17 19:22:47+00:00,usd_mxn,17.69,17.7,0.056
2024-07-17 19:22:48+00:00,usd_mxn,17.69,17.7,0.056
2024-07-17 19:22:49+00:00,usd_mxn,17.69,17.7,0.056
2024-07-17 19:22:50+00:00,usd_mxn,17.69,17.7,0.056
2024-07-17 19:22:51+00:00,usd_mxn,17.69,17.7,0.056
2024-07-17 19:22:52+00:00,usd_mxn,17.69,17.7,0.056
2024-07-17 19:22:53+00:00,usd_mxn,17.69,17.7,0.056
2024-07-17 19:22:54+00:00,usd_mxn,17.69,17.7,0.056
2024-07-17 19:22:55+00:00,usd_mxn,17.69,17.7,0.056
2024-07-17 19:22:56+00:00,usd_mxn,17.69,17.7,0.056
2024-07-17 19:22:57+00:00,usd_mxn,17.69,17.7,0.056
2024-07-17 19:22:58+00:00,usd_mxn,17.69,17.7,0.056
2024-07-17 19:22:59+00:00,usd_mxn,17.69,17.7,0.056
2024-07-17 19:23:00+00:00,usd_mxn,17.69,17.7,0.056
2024-07-17 19:23:01+00:00,usd_mxn,17.69,17.7,0.056
2024-07-17 19:23:02+00:00,usd_mxn,17.69,17.7,0.056
2024-07-17 19:23:03+00:00,usd_mxn,17.69,17.7,0.056
2024-07-17 19:23:04+00:00,usd_mxn,17.69,17.7,0.056
2024-07-17 19:23:05+00:00,usd_mxn,17.69,17.7,0.056
2024-07-17 19:23:06+00:00,usd_mxn,17.69,17.7,0.056
2024-07-17 19:23:07+00:00,usd_mxn,17.69,17.7,0.056
2024-07-17 19:23:08+00:00,usd_mxn,17.69,17.7,0.056
2024-07-17 19:23:09+00:00,usd_mxn,17.69,17.7,0.056
2024-07-17 19:23:10+00:00,usd_mxn,17.69,17.7,0.056
2024-07-17 19:23:11+00:00,usd_mxn,17.69,17.7,0.056
2024-07-17 19:23:12+00:00,usd_mxn,17.69,17.7,0.056
2024-07-17 19:23:13+00:00,usd_mxn,17.69,17.7,0.056
2024-07-17 19:23:14+00:00,usd_mxn,17.69,17.7,0.056
2024-07-17 19:23:15+00:00,usd_mxn,17.69,17.7,0.056
2024-07-17 19:23:16+00:00,usd_mxn,17.69,17.7,0.056
2024-07-17 19:23:17+00:00,usd_mxn,17.69,17.7,0.056
2024-07-17 19:23:18+00:00,usd_mxn,17.69,17.7,0.056
2024-07-17 19:23:19+00:00,usd_mxn,17.69,17.7,0.056
2024-07-17 19:23:20+00:00,usd_mxn,17.69,17.7,0.056
2024-07-17 19:23:21+00:00,usd_mxn,17.69,17.7,0.056
2024-07-17 19:23:22+00:00,usd_mxn,17.69,17.7,0.056
2024-07-17 19:23:23+00:00,usd_mxn,17.69,17.7,0.056
2024-07-17 19:23:24+00:00,usd_mxn,17.69,17.7,0.056
2024-07-17 19:23:25+00:00,usd_mxn,17.69,17.7,0.056
2024-07-17 19:23:26+00:00,usd_mxn,17.69,17.7,0.056
2024-07-17 19:23:27+00:00,usd_mxn,17.69,17.7,0.056
2024-07-17 19:23:28+00:00,usd_mxn,17.69,17.7,0.056
2024-07-17 19:23:29+00:00,usd_mxn,17.69,17.7,0.056
2024-07-17 19:23:30+00:00,usd_mxn,17.69,17.7,0.056
2024-07-17 19:23:32+00:00,usd_mxn,17.69,17.7,0.056
2024-07-17 19:23:32+00:00,usd_mxn,17.69,17.7,0.056
2024-07-17 19:23:34+00:00,usd_mxn,17.69,17.7,0.056
2024-07-17 19:23:34+00:00,usd_mxn,17.69,17.7,0.056
2024-07-17 19:23:36+00:00,usd_mxn,17.69,17.7,0.056
2024-07-17 19:23:36+00:00,usd_mxn,17.69,17.7,0.056
2024-07-17 19:23:38+00:00,usd_mxn,17.69,17.7,0.056
2024-07-17 19:23:39+00:00,usd_mxn,17.69,17.7,0.056
2024-07-17 19:23:40+00:00,usd_mxn,17.69,17.7,0.056
2024-07-17 19:23:40+00:00,usd_mxn,17.69,17.7,0.056
2024-07-17 19:23:42+00:00,usd_mxn,17.69,17.7,0.056
2024-07-17 19:23:42+00:00,usd_mxn,17.69,17.7,0.056
2024-07-17 19:23:44+00:00,usd_mxn,17.69,17.7,0.056
2024-07-17 19:23:44+00:00,usd_mxn,17.69,17.7,0.056
2024-07-17 19:23:47+00:00,usd_mxn,17.69,17.7,0.056
2024-07-17 19:23:47+00:00,usd_mxn,17.69,17.7,0.056
2024-07-17 19:23:48+00:00,usd_mxn,17.69,17.7,0.056
2024-07-17 19:23:49+00:00,usd_mxn,17.69,17.7,0.056
2024-07-17 19:23:50+00:00,usd_mxn,17.69,17.7,0.056
2024-07-17 19:23:51+00:00,usd_mxn,17.69,17.7,0.056
2024-07-17 19:23:52+00:00,usd_mxn,17.69,17.7,0.056
2024-07-17 19:23:53+00:00,usd_mxn,17.69,17.7,0.056
2024-07-17 19:23:54+00:00,usd_mxn,17.69,17.7,0.056
2024-07-17 19:23:55+00:00,usd_mxn,17.69,17.7,0.056
2024-07-17 19:23:56+00:00,usd_mxn,17.69,17.7,0.056
2024-07-17 19:23:57+00:00,usd_mxn,17.69,17.7,0.056
2024-07-17 19:23:58+00:00,usd_mxn,17.69,17.7,0.056
2024-07-17 19:23:59+00:00,usd_mxn,17.69,17.7,0.056
2024-07-17 19:24:00+00:00,usd_mxn,17.69,17.7,0.056
2024-07-17 19:24:02+00:00,usd_mxn,17.69,17.7,0.056
2024-07-17 19:24:03+00:00,usd_mxn,17.69,17.7,0.056
2024-07-17 19:24:04+00:00,usd_mxn,17.69,17.7,0.056
2024-07-17 19:24:05+00:00,usd_mxn,17.69,17.7,0.056
2024-07-17 19:24:06+00:00,usd_mxn,17.69,17.7,0.056
2024-07-17 19:24:07+00:00,usd_mxn,17.69,17.7,0.056
2024-07-17 19:24:08+00:00,usd_mxn,17.69,17.7,0.056
2024-07-17 19:24:09+00:00,usd_mxn,17.69,17.7,0.056
2024-07-17 19:24:10+00:00,usd_mxn,17.69,17.7,0.056
2024-07-17 19:24:11+00:00,usd_mxn,17.69,17.7,0.056
2024-07-17 19:24:12+00:00,usd_mxn,17.69,17.7,0.056
2024-07-17 19:24:13+00:00,usd_mxn,17.69,17.7,0.056
2024-07-17 19:24:14+00:00,usd_mxn,17.69,17.7,0.056
2024-07-17 19:24:15+00:00,usd_mxn,17.69,17.7,0.056
2024-07-17 19:24:16+00:00,usd_mxn,17.69,17.7,0.056
2024-07-17 19:24:17+00:00,usd_mxn,17.69,17.7,0.056
2024-07-17 19:24:18+00:00,usd_mxn,17.69,17.7,0.056
2024-07-17 19:24:19+00:00,usd_mxn,17.69,17.7,0.056
2024-07-17 19:24:20+00:00,usd_mxn,17.69,17.7,0.056
2024-07-17 19:24:21+00:00,usd_mxn,17.69,17.7,0.056
2024-07-17 19:24:22+00:00,usd_mxn,17.69,17.7,0.056
2024-07-17 19:24:23+00:00,usd_mxn,17.69,17.7,0.056
2024-07-17 19:24:24+00:00,usd_mxn,17.69,17.7,0.056
2024-07-17 19:24:25+00:00,usd_mxn,17.69,17.7,0.056
2024-07-17 19:24:26+00:00,usd_mxn,17.69,17.7,0.056
2024-07-17 19:24:27+00:00,usd_mxn,17.69,17.7,0.056
2024-07-17 19:24:28+00:00,usd_mxn,17.69,17.7,0.056
2024-07-17 19:24:29+00:00,usd_mxn,17.69,17.7,0.056
2024-07-17 19:24:30+00:00,usd_mxn,17.69,17.7,0.056
2024-07-17 19:24:31+00:00,usd_mxn,17.69,17.7,0.056
2024-07-17 19:24:32+00:00,usd_mxn,17.69,17.7,0.056
2024-07-17 19:24:34+00:00,usd_mxn,17.69,17.7,0.056
2024-07-17 19:24:35+00:00,usd_mxn,17.69,17.7,0.056
2024-07-17 19:24:36+00:00,usd_mxn,17.69,17.7,0.056
2024-07-17 19:24:37+00:00,usd_mxn,17.69,17.7,0.056
2024-07-17 19:24:37+00:00,usd_mxn,17.69,17.7,0.056
2024-07-17 19:24:39+00:00,usd_mxn,17.69,17.7,0.056
2024-07-17 19:24:40+00:00,usd_mxn,17.69,17.7,0.056
2024-07-17 19:24:41+00:00,usd_mxn,17.69,17.7,0.056
2024-07-17 19:24:42+00:00,usd_mxn,17.69,17.7,0.056
2024-07-17 19:24:43+00:00,usd_mxn,17.69,17.7,0.056
2024-07-17 19:24:44+00:00,usd_mxn,17.69,17.7,0.056
2024-07-17 19:24:45+00:00,usd_mxn,17.69,17.7,0.056
2024-07-17 19:24:46+00:00,usd_mxn,17.69,17.7,0.056
2024-07-17 19:24:47+00:00,usd_mxn,17.69,17.7,0.056
2024-07-17 19:24:48+00:00,usd_mxn,17.69,17.7,0.056
2024-07-17 19:24:49+00:00,usd_mxn,17.69,17.7,0.056
2024-07-17 19:24:50+00:00,usd_mxn,17.69,17.7,0.056
2024-07-17 19:24:51+00:00,usd_mxn,17.69,17.7,0.056
2024-07-17 19:24:52+00:00,usd_mxn,17.69,17.7,0.056
2024-07-17 19:24:54+00:00,usd_mxn,17.69,17.7,0.056
2024-07-17 19:24:54+00:00,usd_mxn,17.69,17.7,0.056
2024-07-17 19:24:55+00:00,usd_mxn,17.69,17.7,0.056
2024-07-17 19:24:56+00:00,usd_mxn,17.69,17.7,0.056
2024-07-17 19:24:57+00:00,usd_mxn,17.69,17.7,0.056
2024-07-17 19:24:58+00:00,usd_mxn,17.69,17.7,0.056
2024-07-17 19:24:59+00:00,usd_mxn,17.69,17.7,0.056
2024-07-17 19:25:00+00:00,usd_mxn,17.69,17.7,0.056
2024-07-17 19:25:01+00:00,usd_mxn,17.69,17.7,0.056
2024-07-17 19:25:02+00:00,usd_mxn,17.69,17.7,0.056
2024-07-17 19:25:03+00:00,usd_mxn,17.69,17.7,0.056
2024-07-17 19:25:04+00:00,usd_mxn,17.69,17.7,0.056
2024-07-17 19:25:05+00:00,usd_mxn,17.69,17.7,0.056
2024-07-17 19:25:06+00:00,usd_mxn,17.69,17.7,0.056
2024-07-17 19:25:07+00:00,usd_mxn,17.69,17.7,0.056
2024-07-17 19:25:08+00:00,usd_mxn,17.69,17.7,0.056
2024-07-17 19:25:09+00:00,usd_mxn,17.69,17.7,0.056
2024-07-17 19:25:10+00:00,usd_mxn,17.69,17.7,0.056
2024-07-17 19:25:11+00:00,usd_mxn,17.69,17.7,0.056
2024-07-17 19:25:12+00:00,usd_mxn,17.69,17.7,0.056
2024-07-17 19:25:13+00:00,usd_mxn,17.69,17.7,0.056
2024-07-17 19:25:14+00:00,usd_mxn,17.69,17.7,0.056
2024-07-17 19:25:15+00:00,usd_mxn,17.69,17.7,0.056
2024-07-17 19:25:16+00:00,usd_mxn,17.69,17.7,0.056
2024-07-17 19:25:17+00:00,usd_mxn,17.69,17.7,0.056
2024-07-17 19:25:18+00:00,usd_mxn,17.69,17.7,0.056
2024-07-17 19:25:19+00:00,usd_mxn,17.69,17.7,0.056
2024-07-17 19:25:20+00:00,usd_mxn,17.69,17.7,0.056
2024-07-17 19:25:21+00:00,usd_mxn,17.69,17.7,0.056
2024-07-17 19:25:22+00:00,usd_mxn,17.69,17.7,0.056
2024-07-17 19:25:23+00:00,usd_mxn,17.69,17.7,0.056
2024-07-17 19:25:25+00:00,usd_mxn,17.69,17.7,0.056
2024-07-17 19:25:26+00:00,usd_mxn,17.69,17.7,0.056
2024-07-17 19:25:27+00:00,usd_mxn,17.69,17.7,0.056
2024-07-17 19:25:28+00:00,usd_mxn,17.69,17.7,0.056
2024-07-17 19:25:29+00:00,usd_mxn,17.69,17.7,0.056
2024-07-17 19:25:30+00:00,usd_mxn,17.69,17.7,0.056
2024-07-17 19:25:31+00:00,usd_mxn,17.69,17.7,0.056
2024-07-17 19:25:32+00:00,usd_mxn,17.69,17.7,0.056
2024-07-17 19:25:33+00:00,usd_mxn,17.69,17.7,0.056
2024-07-17 19:25:34+00:00,usd_mxn,17.69,17.7,0.056
2024-07-17 19:25:35+00:00,usd_mxn,17.69,17.7,0.056
2024-07-17 19:25:36+00:00,usd_mxn,17.69,17.7,0.056
2024-07-17 19:25:37+00:00,usd_mxn,17.69,17.7,0.056
2024-07-17 19:25:38+00:00,usd_mxn,17.69,17.7,0.056
2024-07-17 19:25:39+00:00,usd_mxn,17.69,17.7,0.056
2024-07-17 19:25:40+00:00,usd_mxn,17.69,17.7,0.056
2024-07-17 19:25:41+00:00,usd_mxn,17.69,17.7,0.056
2024-07-17 19:25:42+00:00,usd_mxn,17.69,17.7,0.056
2024-07-17 19:25:43+00:00,usd_mxn,17.69,17.7,0.056
2024-07-17 19:25:44+00:00,usd_mxn,17.69,17.7,0.056
2024-07-17 19:25:45+00:00,usd_mxn,17.69,17.7,0.056
2024-07-17 19:25:46+00:00,usd_mxn,17.69,17.7,0.056
2024-07-17 19:25:47+00:00,usd_mxn,17.69,17.7,0.056
2024-07-17 19:25:48+00:00,usd_mxn,17.69,17.7,0.056
2024-07-17 19:25:49+00:00,usd_mxn,17.69,17.7,0.056
2024-07-17 19:25:50+00:00,usd_mxn,17.69,17.7,0.056
2024-07-17 19:25:51+00:00,usd_mxn,17.69,17.7,0.056
2024-07-17 19:25:52+00:00,usd_mxn,17.69,17.7,0.056
2024-07-17 19:25:53+00:00,usd_mxn,17.69,17.7,0.056
2024-07-17 19:25:54+00:00,usd_mxn,17.69,17.7,0.056
2024-07-17 19:25:55+00:00,usd_mxn,17.69,17.7,0.056
2024-07-17 19:25:56+00:00,usd_mxn,17.69,17.7,0.056
2024-07-17 19:25:57+00:00,usd_mxn,17.69,17.7,0.056
2024-07-17 19:25:58+00:00,usd_mxn,17.69,17.7,0.056
2024-07-17 19:25:59+00:00,usd_mxn,17.69,17.7,0.056
2024-07-17 19:26:00+00:00,usd_mxn,17.69,17.7,0.056
2024-07-17 19:26:01+00:00,usd_mxn,17.69,17.7,0.056
2024-07-17 19:26:02+00:00,usd_mxn,17.69,17.7,0.056
2024-07-17 19:26:03+00:00,usd_mxn,17.69,17.7,0.056
2024-07-17 19:26:04+00:00,usd_mxn,17.69,17.7,0.056
2024-07-17 19:26:05+00:00,usd_mxn,17.69,17.7,0.056
2024-07-17 19:26:06+00:00,usd_mxn,17.69,17.7,0.056
2024-07-17 19:26:07+00:00,usd_mxn,17.69,17.7,0.056
2024-07-17 19:26:08+00:00,usd_mxn,17.69,17.7,0.056
2024-07-17 19:26:09+00:00,usd_mxn,17.69,17.7,0.056
2024-07-17 19:26:10+00:00,usd_mxn,17.69,17.7,0.056
2024-07-17 19:26:11+00:00,usd_mxn,17.69,17.7,0.056
2024-07-17 19:26:12+00:00,usd_mxn,17.69,17.7,0.056
2024-07-17 19:26:13+00:00,usd_mxn,17.69,17.7,0.056
2024-07-17 19:26:15+00:00,usd_mxn,17.69,17.7,0.056
2024-07-17 19:26:15+00:00,usd_mxn,17.69,17.7,0.056
2024-07-17 19:26:16+00:00,usd_mxn,17.69,17.7,0.056
2024-07-17 19:26:17+00:00,usd_mxn,17.69,17.7,0.056
2024-07-17 19:26:18+00:00,usd_mxn,17.69,17.7,0.056
2024-07-17 19:26:19+00:00,usd_mxn,17.69,17.7,0.056
2024-07-17 19:26:20+00:00,usd_mxn,17.69,17.7,0.056
2024-07-17 19:26:21+00:00,usd_mxn,17.69,17.7,0.056
2024-07-17 19:26:23+00:00,usd_mxn,17.69,17.7,0.056
2024-07-17 19:26:24+00:00,usd_mxn,17.69,17.7,0.056
2024-07-17 19:26:25+00:00,usd_mxn,17.69,17.7,0.056
2024-07-17 19:26:26+00:00,usd_mxn,17.69,17.7,0.056
2024-07-17 19:26:27+00:00,usd_mxn,17.69,17.7,0.056
2024-07-17 19:26:28+00:00,usd_mxn,17.69,17.7,0.056
2024-07-17 19:26:29+00:00,usd_mxn,17.69,17.7,0.056
2024-07-17 19:26:30+00:00,usd_mxn,17.69,17.7,0.056
2024-07-17 19:26:31+00:00,usd_mxn,17.69,17.7,0.056
2024-07-17 19:26:32+00:00,usd_mxn,17.69,17.7,0.056
2024-07-17 19:26:33+00:00,usd_mxn,17.69,17.7,0.056
2024-07-17 19:26:34+00:00,usd_mxn,17.69,17.7,0.056
2024-07-17 19:26:35+00:00,usd_mxn,17.69,17.7,0.056
2024-07-17 19:26:36+00:00,usd_mxn,17.69,17.7,0.056
2024-07-17 19:26:37+00:00,usd_mxn,17.69,17.7,0.056
2024-07-17 19:26:38+00:00,usd_mxn,17.69,17.7,0.056
2024-07-17 19:26:39+00:00,usd_mxn,17.69,17.7,0.056
2024-07-17 19:26:40+00:00,usd_mxn,17.69,17.7,0.056
2024-07-17 19:26:41+00:00,usd_mxn,17.69,17.7,0.056
2024-07-17 19:26:42+00:00,usd_mxn,17.69,17.7,0.056
2024-07-17 19:26:43+00:00,usd_mxn,17.69,17.7,0.056
2024-07-17 19:26:44+00:00,usd_mxn,17.69,17.7,0.056
2024-07-17 19:26:45+00:00,usd_mxn,17.69,17.7,0.056
2024-07-17 19:26:46+00:00,usd_mxn,17.69,17.7,0.056
2024-07-17 19:26:47+00:00,usd_mxn,17.69,17.7,0.056
2024-07-17 19:26:48+00:00,usd_mxn,17.69,17.7,0.056
2024-07-17 19:26:49+00:00,usd_mxn,17.69,17.7,0.056
2024-07-17 19:26:50+00:00,usd_mxn,17.69,17.7,0.056
2024-07-17 19:26:51+00:00,usd_mxn,17.69,17.7,0.056
2024-07-17 19:26:52+00:00,usd_mxn,17.69,17.7,0.056
2024-07-17 19:26:53+00:00,usd_mxn,17.69,17.7,0.056
2024-07-17 19:26:54+00:00,usd_mxn,17.69,17.7,0.056
2024-07-17 19:26:55+00:00,usd_mxn,17.69,17.7,0.056
2024-07-17 19:26:56+00:00,usd_mxn,17.69,17.7,0.056
2024-07-17 19:26:57+00:00,usd_mxn,17.69,17.7,0.056
2024-07-17 19:26:58+00:00,usd_mxn,17.69,17.7,0.056
2024-07-17 19:26:59+00:00,usd_mxn,17.69,17.7,0.056
2024-07-17 19:27:00+00:00,usd_mxn,17.69,17.7,0.056
2024-07-17 19:27:01+00:00,usd_mxn,17.69,17.7,0.056
2024-07-17 19:27:02+00:00,usd_mxn,17.69,17.7,0.056
2024-07-17 19:27:03+00:00,usd_mxn,17.69,17.7,0.056
2024-07-17 19:27:04+00:00,usd_mxn,17.69,17.7,0.056
2024-07-17 19:27:05+00:00,usd_mxn,17.69,17.7,0.056
2024-07-17 19:27:06+00:00,usd_mxn,17.69,17.7,0.056
2024-07-17 19:27:07+00:00,usd_mxn,17.69,17.7,0.056
2024-07-17 19:27:09+00:00,usd_mxn,17.69,17.7,0.056
2024-07-17 19:27:10+00:00,usd_mxn,17.69,17.7,0.056
2024-07-17 19:27:10+00:00,usd_mxn,17.69,17.7,0.056
2024-07-17 19:27:11+00:00,usd_mxn,17.69,17.7,0.056
2024-07-17 19:27:12+00:00,usd_mxn,17.69,17.7,0.056
2024-07-17 19:27:13+00:00,usd_mxn,17.69,17.7,0.056
2024-07-17 19:27:14+00:00,usd_mxn,17.69,17.7,0.056
2024-07-17 19:27:16+00:00,usd_mxn,17.69,17.7,0.056
2024-07-17 19:27:16+00:00,usd_mxn,17.69,17.7,0.056
2024-07-17 19:27:17+00:00,usd_mxn,17.69,17.7,0.056
2024-07-17 19:27:18+00:00,usd_mxn,17.69,17.7,0.056
2024-07-17 19:27:19+00:00,usd_mxn,17.69,17.7,0.056
2024-07-17 19:27:20+00:00,usd_mxn,17.69,17.7,0.056
2024-07-17 19:27:21+00:00,usd_mxn,17.69,17.7,0.056
2024-07-17 19:27:22+00:00,usd_mxn,17.69,17.7,0.056
2024-07-17 19:27:23+00:00,usd_mxn,17.69,17.7,0.056
2024-07-17 19:27:25+00:00,usd_mxn,17.69,17.7,0.056
2024-07-17 19:27:25+00:00,usd_mxn,17.69,17.7,0.056
2024-07-17 19:27:26+00:00,usd_mxn,17.69,17.7,0.056
2024-07-17 19:27:28+00:00,usd_mxn,17.69,17.7,0.056
2024-07-17 19:27:29+00:00,usd_mxn,17.69,17.7,0.056
2024-07-17 19:27:30+00:00,usd_mxn,17.69,17.7,0.056
2024-07-17 19:27:31+00:00,usd_mxn,17.69,17.7,0.056
2024-07-17 19:27:32+00:00,usd_mxn,17.69,17.7,0.056
2024-07-17 19:27:33+00:00,usd_mxn,17.69,17.7,0.056
2024-07-17 19:27:34+00:00,usd_mxn,17.69,17.7,0.056
2024-07-17 19:27:35+00:00,usd_mxn,17.69,17.7,0.056
2024-07-17 19:27:36+00:00,usd_mxn,17.69,17.7,0.056
2024-07-17 19:27:37+00:00,usd_mxn,17.69,17.7,0.056
2024-07-17 19:27:38+00:00,usd_mxn,17.69,17.7,0.056
2024-07-17 19:27:39+00:00,usd_mxn,17.69,17.7,0.056
2024-07-17 19:27:40+00:00,usd_mxn,17.69,17.7,0.056
2024-07-17 19:27:41+00:00,usd_mxn,17.69,17.7,0.056
2024-07-17 19:27:42+00:00,usd_mxn,17.69,17.7,0.056
2024-07-17 19:27:43+00:00,usd_mxn,17.69,17.7,0.056
2024-07-17 19:27:44+00:00,usd_mxn,17.69,17.7,0.056
2024-07-17 19:27:45+00:00,usd_mxn,17.69,17.7,0.056
2024-07-17 19:27:46+00:00,usd_mxn,17.69,17.7,0.056
2024-07-17 19:27:47+00:00,usd_mxn,17.69,17.7,0.056
2024-07-17 19:27:48+00:00,usd_mxn,17.69,17.7,0.056
2024-07-17 19:27:49+00:00,usd_mxn,17.69,17.7,0.056
2024-07-17 19:27:50+00:00,usd_mxn,17.69,17.7,0.056
2024-07-17 19:27:51+00:00,usd_mxn,17.69,17.7,0.056
2024-07-17 19:27:52+00:00,usd_mxn,17.69,17.7,0.056
2024-07-17 19:27:53+00:00,usd_mxn,17.69,17.7,0.056
2024-07-17 19:27:54+00:00,usd_mxn,17.69,17.7,0.056
2024-07-17 19:27:55+00:00,usd_mxn,17.69,17.7,0.056
2024-07-17 19:27:56+00:00,usd_mxn,17.69,17.7,0.056
2024-07-17 19:27:57+00:00,usd_mxn,17.69,17.7,0.056
2024-07-17 19:27:58+00:00,usd_mxn,17.69,17.7,0.056
2024-07-17 19:27:59+00:00,usd_mxn,17.69,17.7,0.056
2024-07-17 19:28:00+00:00,usd_mxn,17.69,17.7,0.056
2024-07-17 19:28:01+00:00,usd_mxn,17.69,17.7,0.056
2024-07-17 19:28:02+00:00,usd_mxn,17.69,17.7,0.056
2024-07-17 19:28:03+00:00,usd_mxn,17.69,17.7,0.056
2024-07-17 19:28:04+00:00,usd_mxn,17.69,17.7,0.056
2024-07-17 19:28:05+00:00,usd_mxn,17.69,17.7,0.056
2024-07-17 19:28:06+00:00,usd_mxn,17.69,17.7,0.056
2024-07-17 19:28:07+00:00,usd_mxn,17.69,17.7,0.056
2024-07-17 19:28:08+00:00,usd_mxn,17.69,17.7,0.056
2024-07-17 19:28:09+00:00,usd_mxn,17.69,17.7,0.056
2024-07-17 19:28:10+00:00,usd_mxn,17.69,17.7,0.056
2024-07-17 19:28:11+00:00,usd_mxn,17.69,17.7,0.056
2024-07-17 19:28:13+00:00,usd_mxn,17.69,17.7,0.056
2024-07-17 19:28:14+00:00,usd_mxn,17.69,17.7,0.056
2024-07-17 19:28:15+00:00,usd_mxn,17.69,17.7,0.056
2024-07-17 19:28:16+00:00,usd_mxn,17.69,17.7,0.056
2024-07-17 19:28:17+00:00,usd_mxn,17.69,17.7,0.056
2024-07-17 19:28:18+00:00,usd_mxn,17.69,17.7,0.056
2024-07-17 19:28:19+00:00,usd_mxn,17.69,17.7,0.056
2024-07-17 19:28:20+00:00,usd_mxn,17.69,17.7,0.056
2024-07-17 19:28:21+00:00,usd_mxn,17.69,17.7,0.056
2024-07-17 19:28:22+00:00,usd_mxn,17.69,17.7,0.056
2024-07-17 19:28:23+00:00,usd_mxn,17.69,17.7,0.056
2024-07-17 19:28:24+00:00,usd_mxn,17.69,17.7,0.056
2024-07-17 19:28:26+00:00,usd_mxn,17.69,17.7,0.056
2024-07-17 19:28:26+00:00,usd_mxn,17.69,17.7,0.056
2024-07-17 19:28:27+00:00,usd_mxn,17.69,17.7,0.056
2024-07-17 19:28:28+00:00,usd_mxn,17.69,17.7,0.056
2024-07-17 19:28:29+00:00,usd_mxn,17.69,17.7,0.056
2024-07-17 19:28:31+00:00,usd_mxn,17.69,17.7,0.056
2024-07-17 19:28:31+00:00,usd_mxn,17.69,17.7,0.056
2024-07-17 19:28:32+00:00,usd_mxn,17.69,17.7,0.056
2024-07-17 19:28:34+00:00,usd_mxn,17.69,17.7,0.056
2024-07-17 19:28:35+00:00,usd_mxn,17.69,17.7,0.056
2024-07-17 19:28:36+00:00,usd_mxn,17.69,17.7,0.056
2024-07-17 19:28:37+00:00,usd_mxn,17.69,17.7,0.056
2024-07-17 19:28:38+00:00,usd_mxn,17.69,17.7,0.056
2024-07-17 19:28:39+00:00,usd_mxn,17.69,17.7,0.056
2024-07-17 19:28:40+00:00,usd_mxn,17.69,17.7,0.056
2024-07-17 19:28:41+00:00,usd_mxn,17.69,17.7,0.056
2024-07-17 19:28:42+00:00,usd_mxn,17.69,17.7,0.056
2024-07-17 19:28:43+00:00,usd_mxn,17.69,17.7,0.056
2024-07-17 19:28:44+00:00,usd_mxn,17.69,17.7,0.056
2024-07-17 19:28:45+00:00,usd_mxn,17.69,17.7,0.056
2024-07-17 19:28:46+00:00,usd_mxn,17.69,17.7,0.056
2024-07-17 19:28:47+00:00,usd_mxn,17.69,17.7,0.056
2024-07-17 19:28:48+00:00,usd_mxn,17.69,17.7,0.056
2024-07-17 19:28:49+00:00,usd_mxn,17.69,17.7,0.056
2024-07-17 19:28:50+00:00,usd_mxn,17.69,17.7,0.056
2024-07-17 19:28:51+00:00,usd_mxn,17.69,17.7,0.056
2024-07-17 19:28:52+00:00,usd_mxn,17.69,17.7,0.056
2024-07-17 19:28:53+00:00,usd_mxn,17.69,17.7,0.056
2024-07-17 19:28:54+00:00,usd_mxn,17.69,17.7,0.056
2024-07-17 19:28:55+00:00,usd_mxn,17.69,17.7,0.056
2024-07-17 19:28:56+00:00,usd_mxn,17.69,17.7,0.056
2024-07-17 19:28:57+00:00,usd_mxn,17.69,17.7,0.056
2024-07-17 19:28:58+00:00,usd_mxn,17.69,17.7,0.056
2024-07-17 19:28:59+00:00,usd_mxn,17.69,17.7,0.056
2024-07-17 19:29:00+00:00,usd_mxn,17.69,17.7,0.056
2024-07-17 19:29:01+00:00,usd_mxn,17.69,17.7,0.056
2024-07-17 19:29:02+00:00,usd_mxn,17.69,17.7,0.056
2024-07-17 19:29:03+00:00,usd_mxn,17.69,17.7,0.056
2024-07-17 19:29:04+00:00,usd_mxn,17.69,17.7,0.056
2024-07-17 19:29:05+00:00,usd_mxn,17.69,17.7,0.056
2024-07-17 19:29:06+00:00,usd_mxn,17.69,17.7,0.056
2024-07-17 19:29:07+00:00,usd_mxn,17.69,17.7,0.056
2024-07-17 19:29:08+00:00,usd_mxn,17.69,17.7,0.056
2024-07-17 19:29:09+00:00,usd_mxn,17.69,17.7,0.056
2024-07-17 19:29:10+00:00,usd_mxn,17.69,17.7,0.056
2024-07-17 19:29:11+00:00,usd_mxn,17.69,17.7,0.056
2024-07-17 19:29:12+00:00,usd_mxn,17.69,17.7,0.056
2024-07-17 19:29:13+00:00,usd_mxn,17.69,17.7,0.056
2024-07-17 19:29:15+00:00,usd_mxn,17.69,17.7,0.056
2024-07-17 19:29:15+00:00,usd_mxn,17.69,17.7,0.056
2024-07-17 19:29:16+00:00,usd_mxn,17.69,17.7,0.056
2024-07-17 19:29:18+00:00,usd_mxn,17.69,17.7,0.056
2024-07-17 19:29:19+00:00,usd_mxn,17.69,17.7,0.056
2024-07-17 19:29:20+00:00,usd_mxn,17.69,17.7,0.056
2024-07-17 19:29:22+00:00,usd_mxn,17.69,17.7,0.056
2024-07-17 19:29:22+00:00,usd_mxn,17.69,17.7,0.056
2024-07-17 19:29:24+00:00,usd_mxn,17.69,17.7,0.056
2024-07-17 19:29:24+00:00,usd_mxn,17.69,17.7,0.056
2024-07-17 19:29:26+00:00,usd_mxn,17.69,17.7,0.056
2024-07-17 19:29:27+00:00,usd_mxn,17.69,17.7,0.056
2024-07-17 19:29:28+00:00,usd_mxn,17.69,17.7,0.056
2024-07-17 19:29:28+00:00,usd_mxn,17.69,17.7,0.056
2024-07-17 19:29:30+00:00,usd_mxn,17.69,17.7,0.056
2024-07-17 19:29:31+00:00,usd_mxn,17.69,17.7,0.056
2024-07-17 19:29:32+00:00,usd_mxn,17.69,17.7,0.056
2024-07-17 19:29:33+00:00,usd_mxn,17.69,17.7,0.056
2024-07-17 19:29:34+00:00,usd_mxn,17.69,17.7,0.056
2024-07-17 19:29:35+00:00,usd_mxn,17.69,17.7,0.056
2024-07-17 19:29:36+00:00,usd_mxn,17.69,17.7,0.056
2024-07-17 19:29:37+00:00,usd_mxn,17.69,17.7,0.056
2024-07-17 19:29:38+00:00,usd_mxn,17.69,17.7,0.056
2024-07-17 19:29:39+00:00,usd_mxn,17.69,17.7,0.056
2024-07-17 19:29:40+00:00,usd_mxn,17.69,17.7,0.056
2024-07-17 19:29:41+00:00,usd_mxn,17.69,17.7,0.056
2024-07-17 19:29:42+00:00,usd_mxn,17.69,17.7,0.056
2024-07-17 19:29:43+00:00,usd_mxn,17.69,17.7,0.056
2024-07-17 19:29:44+00:00,usd_mxn,17.69,17.7,0.056
2024-07-17 19:29:45+00:00,usd_mxn,17.69,17.7,0.056
2024-07-17 19:29:46+00:00,usd_mxn,17.69,17.7,0.056
2024-07-17 19:29:47+00:00,usd_mxn,17.69,17.7,0.056
2024-07-17 19:29:48+00:00,usd_mxn,17.69,17.7,0.056
2024-07-17 19:29:49+00:00,usd_mxn,17.69,17.7,0.056
2024-07-17 19:29:50+00:00,usd_mxn,17.69,17.7,0.056
2024-07-17 19:29:51+00:00,usd_mxn,17.69,17.7,0.056
2024-07-17 19:29:52+00:00,usd_mxn,17.69,17.7,0.056
2024-07-17 19:29:53+00:00,usd_mxn,17.69,17.7,0.056
2024-07-17 19:29:54+00:00,usd_mxn,17.69,17.7,0.056
2024-07-17 19:29:55+00:00,usd_mxn,17.69,17.7,0.056
2024-07-17 19:29:56+00:00,usd_mxn,17.69,17.7,0.056
2024-07-17 19:29:57+00:00,usd_mxn,17.69,17.7,0.056
2024-07-17 19:29:58+00:00,usd_mxn,17.69,17.7,0.056
2024-07-17 19:29:59+00:00,usd_mxn,17.69,17.7,0.056
2024-07-17 19:30:00+00:00,usd_mxn,17.69,17.7,0.056
2024-07-17 19:30:01+00:00,usd_mxn,17.69,17.7,0.056
2024-07-17 19:30:02+00:00,usd_mxn,17.69,17.7,0.056
2024-07-17 19:30:03+00:00,usd_mxn,17.69,17.7,0.056
2024-07-17 19:30:04+00:00,usd_mxn,17.69,17.7,0.056
2024-07-17 19:30:05+00:00,usd_mxn,17.69,17.7,0.056
2024-07-17 19:30:06+00:00,usd_mxn,17.69,17.7,0.056
2024-07-17 19:30:07+00:00,usd_mxn,17.69,17.7,0.056
2024-07-17 19:30:08+00:00,usd_mxn,17.69,17.7,0.056
2024-07-17 19:30:09+00:00,usd_mxn,17.69,17.7,0.056
2024-07-17 19:30:10+00:00,usd_mxn,17.69,17.7,0.056
2024-07-17 19:30:11+00:00,usd_mxn,17.69,17.7,0.056
2024-07-17 19:30:12+00:00,usd_mxn,17.69,17.7,0.056
2024-07-17 19:30:13+00:00,usd_mxn,17.69,17.7,0.056
2024-07-17 19:30:14+00:00,usd_mxn,17.69,17.7,0.056
2024-07-17 19:30:15+00:00,usd_mxn,17.69,17.7,0.056
2024-07-17 19:30:16+00:00,usd_mxn,17.69,17.7,0.056
2024-07-17 19:30:17+00:00,usd_mxn,17.69,17.7,0.056
2024-07-17 19:30:18+00:00,usd_mxn,17.69,17.7,0.056
2024-07-17 19:30:19+00:00,usd_mxn,17.69,17.7,0.056
2024-07-17 19:30:20+00:00,usd_mxn,17.69,17.7,0.056
2024-07-17 19:30:21+00:00,usd_mxn,17.69,17.7,0.056
2024-07-17 19:30:22+00:00,usd_mxn,17.69,17.7,0.056
2024-07-17 19:30:23+00:00,usd_mxn,17.69,17.7,0.056
2024-07-17 19:30:24+00:00,usd_mxn,17.69,17.7,0.056
2024-07-17 19:30:25+00:00,usd_mxn,17.69,17.7,0.056
2024-07-17 19:30:26+00:00,usd_mxn,17.69,17.7,0.056
2024-07-17 19:30:27+00:00,usd_mxn,17.69,17.7,0.056
2024-07-17 19:30:28+00:00,usd_mxn,17.69,17.7,0.056
2024-07-17 19:30:29+00:00,usd_mxn,17.69,17.7,0.056
2024-07-17 19:30:30+00:00,usd_mxn,17.69,17.7,0.056
2024-07-17 19:30:31+00:00,usd_mxn,17.69,17.7,0.056
2024-07-17 19:30:32+00:00,usd_mxn,17.69,17.7,0.056
2024-07-17 19:30:33+00:00,usd_mxn,17.69,17.7,0.056
2024-07-17 19:30:34+00:00,usd_mxn,17.69,17.7,0.056
2024-07-17 19:30:35+00:00,usd_mxn,17.69,17.7,0.056
2024-07-17 19:30:36+00:00,usd_mxn,17.69,17.7,0.056
2024-07-17 19:30:37+00:00,usd_mxn,17.69,17.7,0.056
2024-07-17 19:30:38+00:00,usd_mxn,17.69,17.7,0.056
2024-07-17 19:30:39+00:00,usd_mxn,17.69,17.7,0.056
2024-07-17 19:30:41+00:00,usd_mxn,17.69,17.7,0.056
2024-07-17 19:30:41+00:00,usd_mxn,17.69,17.7,0.056
2024-07-17 19:30:42+00:00,usd_mxn,17.69,17.7,0.056
2024-07-17 19:30:43+00:00,usd_mxn,17.69,17.7,0.056
2024-07-17 19:30:44+00:00,usd_mxn,17.69,17.7,0.056
2024-07-17 19:30:46+00:00,usd_mxn,17.69,17.7,0.056
2024-07-17 19:30:48+00:00,usd_mxn,17.69,17.7,0.056
2024-07-17 19:30:49+00:00,usd_mxn,17.69,17.7,0.056
2024-07-17 19:30:50+00:00,usd_mxn,17.69,17.7,0.056
2024-07-17 19:30:51+00:00,usd_mxn,17.69,17.7,0.056
2024-07-17 19:30:52+00:00,usd_mxn,17.69,17.7,0.056
2024-07-17 19:30:53+00:00,usd_mxn,17.69,17.7,0.056
2024-07-17 19:30:54+00:00,usd_mxn,17.69,17.7,0.056
2024-07-17 19:30:55+00:00,usd_mxn,17.69,17.7,0.056
2024-07-17 19:30:56+00:00,usd_mxn,17.69,17.7,0.056
2024-07-17 19:30:57+00:00,usd_mxn,17.69,17.7,0.056
2024-07-17 19:30:58+00:00,usd_mxn,17.69,17.7,0.056
2024-07-17 19:30:59+00:00,usd_mxn,17.69,17.7,0.056
2024-07-17 19:31:00+00:00,usd_mxn,17.69,17.7,0.056
2024-07-17 19:31:01+00:00,usd_mxn,17.69,17.7,0.056
2024-07-17 19:31:02+00:00,usd_mxn,17.69,17.7,0.056
2024-07-17 19:31:03+00:00,usd_mxn,17.69,17.7,0.056
2024-07-17 19:31:04+00:00,usd_mxn,17.69,17.7,0.056
2024-07-17 19:31:05+00:00,usd_mxn,17.69,17.7,0.056
2024-07-17 19:31:06+00:00,usd_mxn,17.69,17.7,0.056
2024-07-17 19:31:07+00:00,usd_mxn,17.69,17.7,0.056
2024-07-17 19:31:08+00:00,usd_mxn,17.69,17.7,0.056
2024-07-17 19:31:09+00:00,usd_mxn,17.69,17.7,0.056
2024-07-17 19:31:10+00:00,usd_mxn,17.69,17.7,0.056
2024-07-17 19:31:11+00:00,usd_mxn,17.69,17.7,0.056
2024-07-17 19:31:12+00:00,usd_mxn,17.69,17.7,0.056
2024-07-17 19:31:13+00:00,usd_mxn,17.69,17.7,0.056
2024-07-17 19:31:14+00:00,usd_mxn,17.69,17.7,0.056
2024-07-17 19:31:15+00:00,usd_mxn,17.69,17.7,0.056
2024-07-17 19:31:16+00:00,usd_mxn,17.69,17.7,0.056
2024-07-17 19:31:17+00:00,usd_mxn,17.69,17.7,0.056
2024-07-17 19:31:18+00:00,usd_mxn,17.69,17.7,0.056
2024-07-17 19:31:19+00:00,usd_mxn,17.69,17.7,0.056
2024-07-17 19:31:20+00:00,usd_mxn,17.69,17.7,0.056
2024-07-17 19:31:21+00:00,usd_mxn,17.69,17.7,0.056
2024-07-17 19:31:22+00:00,usd_mxn,17.69,17.7,0.056
2024-07-17 19:31:23+00:00,usd_mxn,17.69,17.7,0.056
2024-07-17 19:31:24+00:00,usd_mxn,17.69,17.7,0.056
2024-07-17 19:31:25+00:00,usd_mxn,17.69,17.7,0.056
2024-07-17 19:31:26+00:00,usd_mxn,17.69,17.7,0.056
2024-07-17 19:31:27+00:00,usd_mxn,17.69,17.7,0.056
2024-07-17 19:31:28+00:00,usd_mxn,17.69,17.7,0.056
2024-07-17 19:31:29+00:00,usd_mxn,17.69,17.7,0.056
2024-07-17 19:31:30+00:00,usd_mxn,17.69,17.7,0.056
2024-07-17 19:31:31+00:00,usd_mxn,17.69,17.7,0.056
2024-07-17 19:31:32+00:00,usd_mxn,17.69,17.7,0.056
2024-07-17 19:31:33+00:00,usd_mxn,17.69,17.7,0.056
2024-07-17 19:31:34+00:00,usd_mxn,17.69,17.7,0.056
2024-07-17 19:31:35+00:00,usd_mxn,17.69,17.7,0.056
2024-07-17 19:31:36+00:00,usd_mxn,17.69,17.7,0.056
2024-07-17 19:31:38+00:00,usd_mxn,17.69,17.7,0.056
2024-07-17 19:31:39+00:00,usd_mxn,17.69,17.7,0.056
2024-07-17 19:31:39+00:00,usd_mxn,17.69,17.7,0.056
