orderbook_timestamp,book,bid,ask,spread
2024-07-18 00:09:30+00:00,usd_mxn,17.72,17.73,0.056
2024-07-18 00:09:31+00:00,usd_mxn,17.72,17.73,0.056
2024-07-18 00:09:32+00:00,usd_mxn,17.72,17.73,0.056
2024-07-18 00:09:33+00:00,usd_mxn,17.72,17.73,0.056
2024-07-18 00:09:34+00:00,usd_mxn,17.72,17.73,0.056
2024-07-18 00:09:35+00:00,usd_mxn,17.72,17.73,0.056
2024-07-18 00:09:36+00:00,usd_mxn,17.72,17.73,0.056
2024-07-18 00:09:37+00:00,usd_mxn,17.72,17.73,0.056
2024-07-18 00:09:39+00:00,usd_mxn,17.72,17.73,0.056
2024-07-18 00:09:40+00:00,usd_mxn,17.72,17.73,0.056
2024-07-18 00:09:41+00:00,usd_mxn,17.72,17.73,0.056
2024-07-18 00:09:42+00:00,usd_mxn,17.72,17.73,0.056
2024-07-18 00:09:43+00:00,usd_mxn,17.72,17.73,0.056
2024-07-18 00:09:44+00:00,usd_mxn,17.72,17.73,0.056
2024-07-18 00:09:45+00:00,usd_mxn,17.72,17.73,0.056
2024-07-18 00:09:46+00:00,usd_mxn,17.72,17.73,0.056
2024-07-18 00:09:47+00:00,usd_mxn,17.72,17.73,0.056
2024-07-18 00:09:48+00:00,usd_mxn,17.72,17.73,0.056
2024-07-18 00:09:49+00:00,usd_mxn,17.72,17.73,0.056
2024-07-18 00:09:50+00:00,usd_mxn,17.72,17.73,0.056
2024-07-18 00:09:51+00:00,usd_mxn,17.72,17.73,0.056
2024-07-18 00:09:52+00:00,usd_mxn,17.72,17.73,0.056
2024-07-18 00:09:53+00:00,usd_mxn,17.72,17.73,0.056
2024-07-18 00:09:54+00:00,usd_mxn,17.72,17.73,0.056
2024-07-18 00:09:55+00:00,usd_mxn,17.72,17.73,0.056
2024-07-18 00:09:56+00:00,usd_mxn,17.72,17.73,0.056
2024-07-18 00:09:57+00:00,usd_mxn,17.72,17.73,0.056
2024-07-18 00:09:58+00:00,usd_mxn,17.72,17.73,0.056
2024-07-18 00:09:59+00:00,usd_mxn,17.72,17.73,0.056
2024-07-18 00:10:00+00:00,usd_mxn,17.72,17.73,0.056
2024-07-18 00:10:01+00:00,usd_mxn,17.72,17.73,0.056
2024-07-18 00:10:02+00:00,usd_mxn,17.72,17.73,0.056
2024-07-18 00:10:03+00:00,usd_mxn,17.72,17.73,0.056
2024-07-18 00:10:04+00:00,usd_mxn,17.72,17.73,0.056
2024-07-18 00:10:05+00:00,usd_mxn,17.72,17.73,0.056
2024-07-18 00:10:06+00:00,usd_mxn,17.72,17.73,0.056
2024-07-18 00:10:07+00:00,usd_mxn,17.72,17.73,0.056
2024-07-18 00:10:08+00:00,usd_mxn,17.72,17.73,0.056
2024-07-18 00:10:09+00:00,usd_mxn,17.72,17.73,0.056
2024-07-18 00:10:10+00:00,usd_mxn,17.72,17.73,0.056
2024-07-18 00:10:11+00:00,usd_mxn,17.72,17.73,0.056
2024-07-18 00:10:12+00:00,usd_mxn,17.72,17.73,0.056
2024-07-18 00:10:13+00:00,usd_mxn,17.72,17.73,0.056
2024-07-18 00:10:14+00:00,usd_mxn,17.72,17.73,0.056
2024-07-18 00:10:15+00:00,usd_mxn,17.72,17.73,0.056
2024-07-18 00:10:16+00:00,usd_mxn,17.72,17.73,0.056
2024-07-18 00:10:17+00:00,usd_mxn,17.72,17.73,0.056
2024-07-18 00:10:18+00:00,usd_mxn,17.72,17.73,0.056
2024-07-18 00:10:19+00:00,usd_mxn,17.72,17.73,0.056
2024-07-18 00:10:20+00:00,usd_mxn,17.72,17.73,0.056
2024-07-18 00:10:22+00:00,usd_mxn,17.72,17.73,0.056
2024-07-18 00:10:22+00:00,usd_mxn,17.72,17.73,0.056
2024-07-18 00:10:23+00:00,usd_mxn,17.72,17.73,0.056
2024-07-18 00:10:24+00:00,usd_mxn,17.72,17.73,0.056
2024-07-18 00:10:25+00:00,usd_mxn,17.72,17.73,0.056
2024-07-18 00:10:26+00:00,usd_mxn,17.72,17.73,0.056
2024-07-18 00:10:27+00:00,usd_mxn,17.72,17.73,0.056
2024-07-18 00:10:28+00:00,usd_mxn,17.72,17.73,0.056
2024-07-18 00:10:29+00:00,usd_mxn,17.72,17.73,0.056
2024-07-18 00:10:30+00:00,usd_mxn,17.72,17.73,0.056
2024-07-18 00:10:31+00:00,usd_mxn,17.72,17.73,0.056
2024-07-18 00:10:33+00:00,usd_mxn,17.72,17.73,0.056
2024-07-18 00:10:34+00:00,usd_mxn,17.72,17.73,0.056
2024-07-18 00:10:35+00:00,usd_mxn,17.72,17.73,0.056
2024-07-18 00:10:36+00:00,usd_mxn,17.72,17.73,0.056
2024-07-18 00:10:37+00:00,usd_mxn,17.72,17.73,0.056
2024-07-18 00:10:38+00:00,usd_mxn,17.72,17.73,0.056
2024-07-18 00:10:39+00:00,usd_mxn,17.72,17.73,0.056
2024-07-18 00:10:40+00:00,usd_mxn,17.72,17.73,0.056
2024-07-18 00:10:41+00:00,usd_mxn,17.72,17.73,0.056
2024-07-18 00:10:42+00:00,usd_mxn,17.72,17.73,0.056
2024-07-18 00:10:43+00:00,usd_mxn,17.72,17.73,0.056
2024-07-18 00:10:44+00:00,usd_mxn,17.72,17.73,0.056
2024-07-18 00:10:45+00:00,usd_mxn,17.72,17.73,0.056
2024-07-18 00:10:46+00:00,usd_mxn,17.72,17.73,0.056
2024-07-18 00:10:47+00:00,usd_mxn,17.72,17.73,0.056
2024-07-18 00:10:48+00:00,usd_mxn,17.72,17.73,0.056
2024-07-18 00:10:49+00:00,usd_mxn,17.72,17.73,0.056
2024-07-18 00:10:50+00:00,usd_mxn,17.72,17.73,0.056
2024-07-18 00:10:51+00:00,usd_mxn,17.72,17.73,0.056
2024-07-18 00:10:52+00:00,usd_mxn,17.72,17.73,0.056
2024-07-18 00:10:53+00:00,usd_mxn,17.72,17.73,0.056
2024-07-18 00:10:54+00:00,usd_mxn,17.72,17.73,0.056
2024-07-18 00:10:55+00:00,usd_mxn,17.72,17.73,0.056
2024-07-18 00:10:56+00:00,usd_mxn,17.72,17.73,0.056
2024-07-18 00:10:57+00:00,usd_mxn,17.72,17.73,0.056
2024-07-18 00:10:58+00:00,usd_mxn,17.72,17.73,0.056
2024-07-18 00:10:59+00:00,usd_mxn,17.72,17.73,0.056
2024-07-18 00:11:00+00:00,usd_mxn,17.72,17.73,0.056
2024-07-18 00:11:01+00:00,usd_mxn,17.72,17.73,0.056
2024-07-18 00:11:02+00:00,usd_mxn,17.72,17.73,0.056
2024-07-18 00:11:03+00:00,usd_mxn,17.72,17.73,0.056
2024-07-18 00:11:04+00:00,usd_mxn,17.72,17.73,0.056
2024-07-18 00:11:05+00:00,usd_mxn,17.72,17.73,0.056
2024-07-18 00:11:06+00:00,usd_mxn,17.72,17.73,0.056
2024-07-18 00:11:07+00:00,usd_mxn,17.72,17.73,0.056
2024-07-18 00:11:08+00:00,usd_mxn,17.72,17.73,0.056
2024-07-18 00:11:09+00:00,usd_mxn,17.72,17.73,0.056
2024-07-18 00:11:10+00:00,usd_mxn,17.72,17.73,0.056
2024-07-18 00:11:11+00:00,usd_mxn,17.72,17.73,0.056
2024-07-18 00:11:12+00:00,usd_mxn,17.72,17.73,0.056
2024-07-18 00:11:13+00:00,usd_mxn,17.72,17.73,0.056
2024-07-18 00:11:14+00:00,usd_mxn,17.72,17.73,0.056
2024-07-18 00:11:15+00:00,usd_mxn,17.72,17.73,0.056
2024-07-18 00:11:16+00:00,usd_mxn,17.72,17.73,0.056
2024-07-18 00:11:17+00:00,usd_mxn,17.72,17.73,0.056
2024-07-18 00:11:18+00:00,usd_mxn,17.72,17.73,0.056
2024-07-18 00:11:19+00:00,usd_mxn,17.72,17.73,0.056
2024-07-18 00:11:20+00:00,usd_mxn,17.72,17.73,0.056
2024-07-18 00:11:21+00:00,usd_mxn,17.72,17.73,0.056
2024-07-18 00:11:22+00:00,usd_mxn,17.72,17.73,0.056
2024-07-18 00:11:23+00:00,usd_mxn,17.72,17.73,0.056
2024-07-18 00:11:24+00:00,usd_mxn,17.72,17.73,0.056
2024-07-18 00:11:25+00:00,usd_mxn,17.72,17.73,0.056
2024-07-18 00:11:26+00:00,usd_mxn,17.72,17.73,0.056
2024-07-18 00:11:27+00:00,usd_mxn,17.72,17.73,0.056
2024-07-18 00:11:28+00:00,usd_mxn,17.72,17.73,0.056
2024-07-18 00:11:29+00:00,usd_mxn,17.72,17.73,0.056
2024-07-18 00:11:30+00:00,usd_mxn,17.72,17.73,0.056
2024-07-18 00:11:31+00:00,usd_mxn,17.72,17.73,0.056
2024-07-18 00:11:32+00:00,usd_mxn,17.72,17.73,0.056
2024-07-18 00:11:33+00:00,usd_mxn,17.72,17.73,0.056
2024-07-18 00:11:34+00:00,usd_mxn,17.72,17.73,0.056
2024-07-18 00:11:35+00:00,usd_mxn,17.72,17.73,0.056
2024-07-18 00:11:37+00:00,usd_mxn,17.72,17.73,0.056
2024-07-18 00:11:37+00:00,usd_mxn,17.72,17.73,0.056
2024-07-18 00:11:38+00:00,usd_mxn,17.72,17.73,0.056
2024-07-18 00:11:40+00:00,usd_mxn,17.72,17.73,0.056
2024-07-18 00:11:41+00:00,usd_mxn,17.72,17.73,0.056
2024-07-18 00:11:42+00:00,usd_mxn,17.72,17.73,0.056
2024-07-18 00:11:43+00:00,usd_mxn,17.72,17.73,0.056
2024-07-18 00:11:44+00:00,usd_mxn,17.72,17.73,0.056
2024-07-18 00:11:45+00:00,usd_mxn,17.72,17.73,0.056
2024-07-18 00:11:46+00:00,usd_mxn,17.72,17.73,0.056
2024-07-18 00:11:47+00:00,usd_mxn,17.72,17.73,0.056
2024-07-18 00:11:48+00:00,usd_mxn,17.72,17.73,0.056
2024-07-18 00:11:49+00:00,usd_mxn,17.72,17.73,0.056
2024-07-18 00:11:50+00:00,usd_mxn,17.72,17.73,0.056
2024-07-18 00:11:51+00:00,usd_mxn,17.72,17.73,0.056
2024-07-18 00:11:52+00:00,usd_mxn,17.72,17.73,0.056
2024-07-18 00:11:53+00:00,usd_mxn,17.72,17.73,0.056
2024-07-18 00:11:54+00:00,usd_mxn,17.72,17.73,0.056
2024-07-18 00:11:55+00:00,usd_mxn,17.72,17.73,0.056
2024-07-18 00:11:56+00:00,usd_mxn,17.72,17.73,0.056
2024-07-18 00:11:57+00:00,usd_mxn,17.72,17.73,0.056
2024-07-18 00:11:58+00:00,usd_mxn,17.72,17.73,0.056
2024-07-18 00:11:59+00:00,usd_mxn,17.72,17.73,0.056
2024-07-18 00:12:00+00:00,usd_mxn,17.72,17.73,0.056
2024-07-18 00:12:01+00:00,usd_mxn,17.72,17.73,0.056
2024-07-18 00:12:02+00:00,usd_mxn,17.72,17.73,0.056
2024-07-18 00:12:03+00:00,usd_mxn,17.72,17.73,0.056
2024-07-18 00:12:04+00:00,usd_mxn,17.72,17.73,0.056
2024-07-18 00:12:05+00:00,usd_mxn,17.72,17.73,0.056
2024-07-18 00:12:06+00:00,usd_mxn,17.72,17.73,0.056
2024-07-18 00:12:07+00:00,usd_mxn,17.72,17.73,0.056
2024-07-18 00:12:08+00:00,usd_mxn,17.72,17.73,0.056
2024-07-18 00:12:10+00:00,usd_mxn,17.72,17.73,0.056
2024-07-18 00:12:10+00:00,usd_mxn,17.72,17.73,0.056
2024-07-18 00:12:11+00:00,usd_mxn,17.72,17.73,0.056
2024-07-18 00:12:12+00:00,usd_mxn,17.72,17.73,0.056
2024-07-18 00:12:13+00:00,usd_mxn,17.72,17.73,0.056
2024-07-18 00:12:14+00:00,usd_mxn,17.72,17.73,0.056
2024-07-18 00:12:15+00:00,usd_mxn,17.72,17.73,0.056
2024-07-18 00:12:16+00:00,usd_mxn,17.72,17.73,0.056
2024-07-18 00:12:17+00:00,usd_mxn,17.72,17.73,0.056
2024-07-18 00:12:18+00:00,usd_mxn,17.72,17.73,0.056
2024-07-18 00:12:19+00:00,usd_mxn,17.72,17.73,0.056
2024-07-18 00:12:20+00:00,usd_mxn,17.72,17.73,0.056
2024-07-18 00:12:21+00:00,usd_mxn,17.72,17.73,0.056
2024-07-18 00:12:22+00:00,usd_mxn,17.72,17.73,0.056
2024-07-18 00:12:23+00:00,usd_mxn,17.72,17.73,0.056
2024-07-18 00:12:24+00:00,usd_mxn,17.72,17.73,0.056
2024-07-18 00:12:25+00:00,usd_mxn,17.72,17.73,0.056
2024-07-18 00:12:27+00:00,usd_mxn,17.72,17.73,0.056
2024-07-18 00:12:28+00:00,usd_mxn,17.72,17.73,0.056
2024-07-18 00:12:29+00:00,usd_mxn,17.72,17.73,0.056
2024-07-18 00:12:30+00:00,usd_mxn,17.72,17.73,0.056
2024-07-18 00:12:31+00:00,usd_mxn,17.72,17.73,0.056
2024-07-18 00:12:32+00:00,usd_mxn,17.72,17.73,0.056
2024-07-18 00:12:33+00:00,usd_mxn,17.72,17.73,0.056
2024-07-18 00:12:34+00:00,usd_mxn,17.72,17.73,0.056
2024-07-18 00:12:35+00:00,usd_mxn,17.72,17.73,0.056
2024-07-18 00:12:36+00:00,usd_mxn,17.72,17.73,0.056
2024-07-18 00:12:37+00:00,usd_mxn,17.72,17.73,0.056
2024-07-18 00:12:38+00:00,usd_mxn,17.72,17.73,0.056
2024-07-18 00:12:39+00:00,usd_mxn,17.72,17.73,0.056
2024-07-18 00:12:40+00:00,usd_mxn,17.72,17.73,0.056
2024-07-18 00:12:41+00:00,usd_mxn,17.72,17.73,0.056
2024-07-18 00:12:42+00:00,usd_mxn,17.72,17.73,0.056
2024-07-18 00:12:43+00:00,usd_mxn,17.72,17.73,0.056
2024-07-18 00:12:44+00:00,usd_mxn,17.72,17.73,0.056
2024-07-18 00:12:45+00:00,usd_mxn,17.72,17.73,0.056
2024-07-18 00:12:46+00:00,usd_mxn,17.72,17.73,0.056
2024-07-18 00:12:47+00:00,usd_mxn,17.72,17.73,0.056
2024-07-18 00:12:48+00:00,usd_mxn,17.72,17.73,0.056
2024-07-18 00:12:49+00:00,usd_mxn,17.72,17.73,0.056
2024-07-18 00:12:50+00:00,usd_mxn,17.72,17.73,0.056
2024-07-18 00:12:51+00:00,usd_mxn,17.72,17.73,0.056
2024-07-18 00:12:52+00:00,usd_mxn,17.72,17.73,0.056
2024-07-18 00:12:53+00:00,usd_mxn,17.72,17.73,0.056
2024-07-18 00:12:54+00:00,usd_mxn,17.72,17.73,0.056
2024-07-18 00:12:55+00:00,usd_mxn,17.72,17.73,0.056
2024-07-18 00:12:56+00:00,usd_mxn,17.72,17.73,0.056
2024-07-18 00:12:57+00:00,usd_mxn,17.72,17.73,0.056
2024-07-18 00:12:58+00:00,usd_mxn,17.72,17.73,0.056
2024-07-18 00:12:59+00:00,usd_mxn,17.72,17.73,0.056
2024-07-18 00:13:00+00:00,usd_mxn,17.72,17.73,0.056
2024-07-18 00:13:01+00:00,usd_mxn,17.72,17.73,0.056
2024-07-18 00:13:02+00:00,usd_mxn,17.72,17.73,0.056
2024-07-18 00:13:03+00:00,usd_mxn,17.72,17.73,0.056
2024-07-18 00:13:04+00:00,usd_mxn,17.72,17.73,0.056
2024-07-18 00:13:05+00:00,usd_mxn,17.72,17.73,0.056
2024-07-18 00:13:06+00:00,usd_mxn,17.72,17.73,0.056
2024-07-18 00:13:07+00:00,usd_mxn,17.72,17.73,0.056
2024-07-18 00:13:08+00:00,usd_mxn,17.72,17.73,0.056
2024-07-18 00:13:09+00:00,usd_mxn,17.72,17.73,0.056
2024-07-18 00:13:10+00:00,usd_mxn,17.72,17.73,0.056
2024-07-18 00:13:11+00:00,usd_mxn,17.72,17.73,0.056
2024-07-18 00:13:12+00:00,usd_mxn,17.72,17.73,0.056
2024-07-18 00:13:13+00:00,usd_mxn,17.72,17.73,0.056
2024-07-18 00:13:14+00:00,usd_mxn,17.72,17.73,0.056
2024-07-18 00:13:15+00:00,usd_mxn,17.72,17.73,0.056
2024-07-18 00:13:16+00:00,usd_mxn,17.72,17.73,0.056
2024-07-18 00:13:17+00:00,usd_mxn,17.72,17.73,0.056
2024-07-18 00:13:18+00:00,usd_mxn,17.72,17.73,0.056
2024-07-18 00:13:19+00:00,usd_mxn,17.72,17.73,0.056
2024-07-18 00:13:20+00:00,usd_mxn,17.72,17.73,0.056
2024-07-18 00:13:21+00:00,usd_mxn,17.72,17.73,0.056
2024-07-18 00:13:22+00:00,usd_mxn,17.72,17.73,0.056
2024-07-18 00:13:23+00:00,usd_mxn,17.72,17.73,0.056
2024-07-18 00:13:24+00:00,usd_mxn,17.72,17.73,0.056
2024-07-18 00:13:25+00:00,usd_mxn,17.72,17.73,0.056
2024-07-18 00:13:26+00:00,usd_mxn,17.72,17.73,0.056
2024-07-18 00:13:27+00:00,usd_mxn,17.72,17.73,0.056
2024-07-18 00:13:28+00:00,usd_mxn,17.72,17.73,0.056
2024-07-18 00:13:29+00:00,usd_mxn,17.72,17.73,0.056
2024-07-18 00:13:30+00:00,usd_mxn,17.72,17.73,0.056
2024-07-18 00:13:31+00:00,usd_mxn,17.72,17.73,0.056
2024-07-18 00:13:32+00:00,usd_mxn,17.72,17.73,0.056
2024-07-18 00:13:33+00:00,usd_mxn,17.72,17.73,0.056
2024-07-18 00:13:34+00:00,usd_mxn,17.72,17.73,0.056
2024-07-18 00:13:35+00:00,usd_mxn,17.72,17.73,0.056
2024-07-18 00:13:36+00:00,usd_mxn,17.72,17.73,0.056
2024-07-18 00:13:37+00:00,usd_mxn,17.72,17.73,0.056
2024-07-18 00:13:39+00:00,usd_mxn,17.72,17.73,0.056
2024-07-18 00:13:40+00:00,usd_mxn,17.72,17.73,0.056
2024-07-18 00:13:41+00:00,usd_mxn,17.72,17.73,0.056
2024-07-18 00:13:42+00:00,usd_mxn,17.72,17.73,0.056
2024-07-18 00:13:43+00:00,usd_mxn,17.72,17.73,0.056
2024-07-18 00:13:44+00:00,usd_mxn,17.72,17.73,0.056
2024-07-18 00:13:45+00:00,usd_mxn,17.72,17.73,0.056
2024-07-18 00:13:46+00:00,usd_mxn,17.72,17.73,0.056
2024-07-18 00:13:47+00:00,usd_mxn,17.72,17.73,0.056
2024-07-18 00:13:48+00:00,usd_mxn,17.72,17.73,0.056
2024-07-18 00:13:49+00:00,usd_mxn,17.72,17.73,0.056
2024-07-18 00:13:50+00:00,usd_mxn,17.72,17.73,0.056
2024-07-18 00:13:51+00:00,usd_mxn,17.72,17.73,0.056
2024-07-18 00:13:52+00:00,usd_mxn,17.72,17.73,0.056
2024-07-18 00:13:53+00:00,usd_mxn,17.72,17.73,0.056
2024-07-18 00:13:54+00:00,usd_mxn,17.72,17.73,0.056
2024-07-18 00:13:55+00:00,usd_mxn,17.72,17.73,0.056
2024-07-18 00:13:56+00:00,usd_mxn,17.72,17.73,0.056
2024-07-18 00:13:57+00:00,usd_mxn,17.72,17.73,0.056
2024-07-18 00:13:58+00:00,usd_mxn,17.72,17.73,0.056
2024-07-18 00:13:59+00:00,usd_mxn,17.72,17.73,0.056
2024-07-18 00:14:00+00:00,usd_mxn,17.72,17.73,0.056
2024-07-18 00:14:01+00:00,usd_mxn,17.72,17.73,0.056
2024-07-18 00:14:02+00:00,usd_mxn,17.72,17.73,0.056
2024-07-18 00:14:03+00:00,usd_mxn,17.72,17.73,0.056
2024-07-18 00:14:04+00:00,usd_mxn,17.72,17.73,0.056
2024-07-18 00:14:05+00:00,usd_mxn,17.72,17.73,0.056
2024-07-18 00:14:06+00:00,usd_mxn,17.72,17.73,0.056
2024-07-18 00:14:07+00:00,usd_mxn,17.72,17.73,0.056
2024-07-18 00:14:08+00:00,usd_mxn,17.72,17.73,0.056
2024-07-18 00:14:09+00:00,usd_mxn,17.72,17.73,0.056
2024-07-18 00:14:10+00:00,usd_mxn,17.72,17.73,0.056
2024-07-18 00:14:11+00:00,usd_mxn,17.72,17.73,0.056
2024-07-18 00:14:12+00:00,usd_mxn,17.72,17.73,0.056
2024-07-18 00:14:13+00:00,usd_mxn,17.72,17.73,0.056
2024-07-18 00:14:14+00:00,usd_mxn,17.72,17.73,0.056
2024-07-18 00:14:15+00:00,usd_mxn,17.72,17.73,0.056
2024-07-18 00:14:17+00:00,usd_mxn,17.72,17.73,0.056
2024-07-18 00:14:17+00:00,usd_mxn,17.72,17.73,0.056
2024-07-18 00:14:18+00:00,usd_mxn,17.72,17.73,0.056
2024-07-18 00:14:19+00:00,usd_mxn,17.72,17.73,0.056
2024-07-18 00:14:21+00:00,usd_mxn,17.72,17.73,0.056
2024-07-18 00:14:22+00:00,usd_mxn,17.72,17.73,0.056
2024-07-18 00:14:23+00:00,usd_mxn,17.72,17.73,0.056
2024-07-18 00:14:24+00:00,usd_mxn,17.72,17.73,0.056
2024-07-18 00:14:25+00:00,usd_mxn,17.72,17.73,0.056
2024-07-18 00:14:26+00:00,usd_mxn,17.72,17.73,0.056
2024-07-18 00:14:27+00:00,usd_mxn,17.72,17.73,0.056
2024-07-18 00:14:28+00:00,usd_mxn,17.72,17.73,0.056
2024-07-18 00:14:29+00:00,usd_mxn,17.72,17.73,0.056
2024-07-18 00:14:30+00:00,usd_mxn,17.72,17.73,0.056
2024-07-18 00:14:31+00:00,usd_mxn,17.72,17.73,0.056
2024-07-18 00:14:32+00:00,usd_mxn,17.72,17.73,0.056
2024-07-18 00:14:33+00:00,usd_mxn,17.72,17.73,0.056
2024-07-18 00:14:34+00:00,usd_mxn,17.72,17.73,0.056
2024-07-18 00:14:35+00:00,usd_mxn,17.72,17.73,0.056
2024-07-18 00:14:36+00:00,usd_mxn,17.72,17.73,0.056
2024-07-18 00:14:37+00:00,usd_mxn,17.72,17.73,0.056
2024-07-18 00:14:38+00:00,usd_mxn,17.72,17.73,0.056
2024-07-18 00:14:39+00:00,usd_mxn,17.72,17.73,0.056
2024-07-18 00:14:40+00:00,usd_mxn,17.72,17.73,0.056
2024-07-18 00:14:41+00:00,usd_mxn,17.71,17.73,0.113
2024-07-18 00:14:42+00:00,usd_mxn,17.71,17.73,0.113
2024-07-18 00:14:43+00:00,usd_mxn,17.71,17.73,0.113
2024-07-18 00:14:44+00:00,usd_mxn,17.71,17.73,0.113
2024-07-18 00:14:45+00:00,usd_mxn,17.71,17.73,0.113
2024-07-18 00:14:46+00:00,usd_mxn,17.71,17.73,0.113
2024-07-18 00:14:47+00:00,usd_mxn,17.71,17.73,0.113
2024-07-18 00:14:48+00:00,usd_mxn,17.71,17.73,0.113
2024-07-18 00:14:49+00:00,usd_mxn,17.71,17.73,0.113
2024-07-18 00:14:50+00:00,usd_mxn,17.71,17.73,0.113
2024-07-18 00:14:51+00:00,usd_mxn,17.71,17.73,0.113
2024-07-18 00:14:52+00:00,usd_mxn,17.71,17.73,0.113
2024-07-18 00:14:53+00:00,usd_mxn,17.71,17.73,0.113
2024-07-18 00:14:54+00:00,usd_mxn,17.71,17.73,0.113
2024-07-18 00:14:55+00:00,usd_mxn,17.71,17.73,0.113
2024-07-18 00:14:56+00:00,usd_mxn,17.71,17.73,0.113
2024-07-18 00:14:57+00:00,usd_mxn,17.71,17.73,0.113
2024-07-18 00:14:58+00:00,usd_mxn,17.71,17.73,0.113
2024-07-18 00:14:59+00:00,usd_mxn,17.71,17.73,0.113
2024-07-18 00:15:00+00:00,usd_mxn,17.71,17.73,0.113
2024-07-18 00:15:01+00:00,usd_mxn,17.71,17.73,0.113
2024-07-18 00:15:02+00:00,usd_mxn,17.71,17.73,0.113
2024-07-18 00:15:03+00:00,usd_mxn,17.71,17.73,0.113
2024-07-18 00:15:04+00:00,usd_mxn,17.71,17.73,0.113
2024-07-18 00:15:05+00:00,usd_mxn,17.71,17.73,0.113
2024-07-18 00:15:06+00:00,usd_mxn,17.71,17.73,0.113
2024-07-18 00:15:07+00:00,usd_mxn,17.71,17.73,0.113
2024-07-18 00:15:08+00:00,usd_mxn,17.71,17.73,0.113
2024-07-18 00:15:09+00:00,usd_mxn,17.71,17.73,0.113
2024-07-18 00:15:10+00:00,usd_mxn,17.71,17.73,0.113
2024-07-18 00:15:11+00:00,usd_mxn,17.71,17.73,0.113
2024-07-18 00:15:12+00:00,usd_mxn,17.71,17.73,0.113
2024-07-18 00:15:13+00:00,usd_mxn,17.71,17.73,0.113
2024-07-18 00:15:14+00:00,usd_mxn,17.71,17.73,0.113
2024-07-18 00:15:15+00:00,usd_mxn,17.71,17.73,0.113
2024-07-18 00:15:16+00:00,usd_mxn,17.71,17.73,0.113
2024-07-18 00:15:17+00:00,usd_mxn,17.71,17.73,0.113
2024-07-18 00:15:19+00:00,usd_mxn,17.71,17.73,0.113
2024-07-18 00:15:19+00:00,usd_mxn,17.71,17.73,0.113
2024-07-18 00:15:20+00:00,usd_mxn,17.71,17.73,0.113
2024-07-18 00:15:22+00:00,usd_mxn,17.71,17.73,0.113
2024-07-18 00:15:23+00:00,usd_mxn,17.71,17.73,0.113
2024-07-18 00:15:24+00:00,usd_mxn,17.71,17.73,0.113
2024-07-18 00:15:25+00:00,usd_mxn,17.71,17.73,0.113
2024-07-18 00:15:26+00:00,usd_mxn,17.71,17.73,0.113
2024-07-18 00:15:27+00:00,usd_mxn,17.71,17.73,0.113
2024-07-18 00:15:28+00:00,usd_mxn,17.71,17.73,0.113
2024-07-18 00:15:29+00:00,usd_mxn,17.71,17.73,0.113
2024-07-18 00:15:30+00:00,usd_mxn,17.71,17.73,0.113
2024-07-18 00:15:31+00:00,usd_mxn,17.71,17.73,0.113
2024-07-18 00:15:33+00:00,usd_mxn,17.71,17.73,0.113
2024-07-18 00:15:34+00:00,usd_mxn,17.71,17.73,0.113
2024-07-18 00:15:34+00:00,usd_mxn,17.71,17.73,0.113
2024-07-18 00:15:35+00:00,usd_mxn,17.71,17.73,0.113
2024-07-18 00:15:36+00:00,usd_mxn,17.71,17.73,0.113
2024-07-18 00:15:37+00:00,usd_mxn,17.71,17.73,0.113
2024-07-18 00:15:38+00:00,usd_mxn,17.71,17.73,0.113
2024-07-18 00:15:39+00:00,usd_mxn,17.71,17.73,0.113
2024-07-18 00:15:40+00:00,usd_mxn,17.71,17.73,0.113
2024-07-18 00:15:41+00:00,usd_mxn,17.71,17.73,0.113
2024-07-18 00:15:42+00:00,usd_mxn,17.71,17.73,0.113
2024-07-18 00:15:43+00:00,usd_mxn,17.71,17.73,0.113
2024-07-18 00:15:44+00:00,usd_mxn,17.71,17.73,0.113
2024-07-18 00:15:45+00:00,usd_mxn,17.71,17.73,0.113
2024-07-18 00:15:46+00:00,usd_mxn,17.71,17.73,0.113
2024-07-18 00:15:47+00:00,usd_mxn,17.71,17.73,0.113
2024-07-18 00:15:48+00:00,usd_mxn,17.71,17.73,0.113
2024-07-18 00:15:49+00:00,usd_mxn,17.71,17.73,0.113
2024-07-18 00:15:50+00:00,usd_mxn,17.71,17.73,0.113
2024-07-18 00:15:52+00:00,usd_mxn,17.71,17.73,0.113
2024-07-18 00:15:52+00:00,usd_mxn,17.71,17.73,0.113
2024-07-18 00:15:53+00:00,usd_mxn,17.71,17.73,0.113
2024-07-18 00:15:54+00:00,usd_mxn,17.71,17.73,0.113
2024-07-18 00:15:55+00:00,usd_mxn,17.71,17.73,0.113
2024-07-18 00:15:56+00:00,usd_mxn,17.71,17.73,0.113
2024-07-18 00:15:57+00:00,usd_mxn,17.71,17.73,0.113
2024-07-18 00:15:58+00:00,usd_mxn,17.71,17.73,0.113
2024-07-18 00:15:59+00:00,usd_mxn,17.71,17.73,0.113
2024-07-18 00:16:00+00:00,usd_mxn,17.71,17.73,0.113
2024-07-18 00:16:01+00:00,usd_mxn,17.71,17.73,0.113
2024-07-18 00:16:02+00:00,usd_mxn,17.71,17.73,0.113
2024-07-18 00:16:04+00:00,usd_mxn,17.71,17.73,0.113
2024-07-18 00:16:05+00:00,usd_mxn,17.71,17.73,0.113
2024-07-18 00:16:06+00:00,usd_mxn,17.71,17.73,0.113
2024-07-18 00:16:07+00:00,usd_mxn,17.71,17.73,0.113
2024-07-18 00:16:08+00:00,usd_mxn,17.71,17.73,0.113
2024-07-18 00:16:09+00:00,usd_mxn,17.71,17.73,0.113
2024-07-18 00:16:10+00:00,usd_mxn,17.71,17.73,0.113
2024-07-18 00:16:11+00:00,usd_mxn,17.71,17.73,0.113
2024-07-18 00:16:12+00:00,usd_mxn,17.71,17.73,0.113
2024-07-18 00:16:13+00:00,usd_mxn,17.71,17.73,0.113
2024-07-18 00:16:14+00:00,usd_mxn,17.71,17.73,0.113
2024-07-18 00:16:15+00:00,usd_mxn,17.71,17.73,0.113
2024-07-18 00:16:16+00:00,usd_mxn,17.71,17.73,0.113
2024-07-18 00:16:17+00:00,usd_mxn,17.71,17.73,0.113
2024-07-18 00:16:18+00:00,usd_mxn,17.71,17.73,0.113
2024-07-18 00:16:19+00:00,usd_mxn,17.71,17.73,0.113
2024-07-18 00:16:20+00:00,usd_mxn,17.71,17.73,0.113
2024-07-18 00:16:21+00:00,usd_mxn,17.71,17.73,0.113
2024-07-18 00:16:22+00:00,usd_mxn,17.71,17.73,0.113
2024-07-18 00:16:23+00:00,usd_mxn,17.71,17.73,0.113
2024-07-18 00:16:24+00:00,usd_mxn,17.71,17.73,0.113
2024-07-18 00:16:25+00:00,usd_mxn,17.71,17.73,0.113
2024-07-18 00:16:26+00:00,usd_mxn,17.71,17.73,0.113
2024-07-18 00:16:27+00:00,usd_mxn,17.71,17.73,0.113
2024-07-18 00:16:28+00:00,usd_mxn,17.71,17.73,0.113
2024-07-18 00:16:29+00:00,usd_mxn,17.71,17.73,0.113
2024-07-18 00:16:30+00:00,usd_mxn,17.71,17.73,0.113
2024-07-18 00:16:31+00:00,usd_mxn,17.71,17.73,0.113
2024-07-18 00:16:32+00:00,usd_mxn,17.71,17.73,0.113
2024-07-18 00:16:33+00:00,usd_mxn,17.71,17.73,0.113
2024-07-18 00:16:34+00:00,usd_mxn,17.71,17.73,0.113
2024-07-18 00:16:35+00:00,usd_mxn,17.71,17.73,0.113
2024-07-18 00:16:36+00:00,usd_mxn,17.71,17.73,0.113
2024-07-18 00:16:37+00:00,usd_mxn,17.71,17.73,0.113
2024-07-18 00:16:38+00:00,usd_mxn,17.71,17.73,0.113
2024-07-18 00:16:39+00:00,usd_mxn,17.71,17.73,0.113
2024-07-18 00:16:40+00:00,usd_mxn,17.71,17.73,0.113
2024-07-18 00:16:41+00:00,usd_mxn,17.71,17.73,0.113
2024-07-18 00:16:42+00:00,usd_mxn,17.71,17.73,0.113
2024-07-18 00:16:43+00:00,usd_mxn,17.71,17.73,0.113
2024-07-18 00:16:44+00:00,usd_mxn,17.71,17.73,0.113
2024-07-18 00:16:45+00:00,usd_mxn,17.71,17.73,0.113
2024-07-18 00:16:46+00:00,usd_mxn,17.71,17.73,0.113
2024-07-18 00:16:47+00:00,usd_mxn,17.71,17.73,0.113
2024-07-18 00:16:48+00:00,usd_mxn,17.71,17.73,0.113
2024-07-18 00:16:49+00:00,usd_mxn,17.71,17.73,0.113
2024-07-18 00:16:50+00:00,usd_mxn,17.71,17.73,0.113
2024-07-18 00:16:51+00:00,usd_mxn,17.71,17.73,0.113
2024-07-18 00:16:52+00:00,usd_mxn,17.71,17.73,0.113
2024-07-18 00:16:53+00:00,usd_mxn,17.71,17.73,0.113
2024-07-18 00:16:54+00:00,usd_mxn,17.71,17.73,0.113
2024-07-18 00:16:55+00:00,usd_mxn,17.71,17.73,0.113
2024-07-18 00:16:57+00:00,usd_mxn,17.71,17.73,0.113
2024-07-18 00:16:57+00:00,usd_mxn,17.71,17.73,0.113
2024-07-18 00:16:58+00:00,usd_mxn,17.71,17.73,0.113
2024-07-18 00:16:59+00:00,usd_mxn,17.71,17.73,0.113
2024-07-18 00:17:00+00:00,usd_mxn,17.71,17.73,0.113
2024-07-18 00:17:01+00:00,usd_mxn,17.71,17.73,0.113
2024-07-18 00:17:02+00:00,usd_mxn,17.71,17.73,0.113
2024-07-18 00:17:04+00:00,usd_mxn,17.71,17.73,0.113
2024-07-18 00:17:05+00:00,usd_mxn,17.71,17.73,0.113
2024-07-18 00:17:06+00:00,usd_mxn,17.71,17.73,0.113
2024-07-18 00:17:07+00:00,usd_mxn,17.71,17.73,0.113
2024-07-18 00:17:08+00:00,usd_mxn,17.71,17.73,0.113
2024-07-18 00:17:09+00:00,usd_mxn,17.71,17.73,0.113
2024-07-18 00:17:10+00:00,usd_mxn,17.71,17.73,0.113
2024-07-18 00:17:11+00:00,usd_mxn,17.71,17.73,0.113
2024-07-18 00:17:12+00:00,usd_mxn,17.71,17.73,0.113
2024-07-18 00:17:13+00:00,usd_mxn,17.71,17.73,0.113
2024-07-18 00:17:14+00:00,usd_mxn,17.71,17.73,0.113
2024-07-18 00:17:15+00:00,usd_mxn,17.71,17.73,0.113
2024-07-18 00:17:16+00:00,usd_mxn,17.71,17.73,0.113
2024-07-18 00:17:17+00:00,usd_mxn,17.71,17.73,0.113
2024-07-18 00:17:18+00:00,usd_mxn,17.71,17.73,0.113
2024-07-18 00:17:19+00:00,usd_mxn,17.71,17.73,0.113
2024-07-18 00:17:20+00:00,usd_mxn,17.71,17.73,0.113
2024-07-18 00:17:21+00:00,usd_mxn,17.71,17.73,0.113
2024-07-18 00:17:22+00:00,usd_mxn,17.71,17.73,0.113
2024-07-18 00:17:23+00:00,usd_mxn,17.71,17.73,0.113
2024-07-18 00:17:24+00:00,usd_mxn,17.71,17.73,0.113
2024-07-18 00:17:25+00:00,usd_mxn,17.71,17.73,0.113
2024-07-18 00:17:26+00:00,usd_mxn,17.71,17.73,0.113
2024-07-18 00:17:27+00:00,usd_mxn,17.71,17.73,0.113
2024-07-18 00:17:28+00:00,usd_mxn,17.71,17.73,0.113
2024-07-18 00:17:29+00:00,usd_mxn,17.71,17.73,0.113
2024-07-18 00:17:30+00:00,usd_mxn,17.71,17.73,0.113
2024-07-18 00:17:31+00:00,usd_mxn,17.71,17.73,0.113
2024-07-18 00:17:32+00:00,usd_mxn,17.71,17.73,0.113
2024-07-18 00:17:33+00:00,usd_mxn,17.71,17.73,0.113
2024-07-18 00:17:34+00:00,usd_mxn,17.71,17.73,0.113
2024-07-18 00:17:36+00:00,usd_mxn,17.71,17.73,0.113
2024-07-18 00:17:36+00:00,usd_mxn,17.71,17.73,0.113
2024-07-18 00:17:37+00:00,usd_mxn,17.71,17.73,0.113
2024-07-18 00:17:38+00:00,usd_mxn,17.71,17.73,0.113
2024-07-18 00:17:39+00:00,usd_mxn,17.71,17.73,0.113
2024-07-18 00:17:40+00:00,usd_mxn,17.71,17.73,0.113
2024-07-18 00:17:41+00:00,usd_mxn,17.71,17.73,0.113
2024-07-18 00:17:42+00:00,usd_mxn,17.71,17.73,0.113
2024-07-18 00:17:43+00:00,usd_mxn,17.71,17.73,0.113
2024-07-18 00:17:44+00:00,usd_mxn,17.71,17.73,0.113
2024-07-18 00:17:45+00:00,usd_mxn,17.71,17.73,0.113
2024-07-18 00:17:46+00:00,usd_mxn,17.71,17.73,0.113
2024-07-18 00:17:47+00:00,usd_mxn,17.71,17.73,0.113
2024-07-18 00:17:49+00:00,usd_mxn,17.71,17.73,0.113
2024-07-18 00:17:50+00:00,usd_mxn,17.71,17.73,0.113
2024-07-18 00:17:51+00:00,usd_mxn,17.71,17.73,0.113
2024-07-18 00:17:51+00:00,usd_mxn,17.71,17.73,0.113
2024-07-18 00:17:53+00:00,usd_mxn,17.71,17.73,0.113
2024-07-18 00:17:54+00:00,usd_mxn,17.71,17.73,0.113
2024-07-18 00:17:55+00:00,usd_mxn,17.71,17.73,0.113
2024-07-18 00:17:56+00:00,usd_mxn,17.71,17.73,0.113
2024-07-18 00:17:57+00:00,usd_mxn,17.71,17.73,0.113
2024-07-18 00:17:58+00:00,usd_mxn,17.71,17.73,0.113
2024-07-18 00:17:59+00:00,usd_mxn,17.71,17.73,0.113
2024-07-18 00:18:00+00:00,usd_mxn,17.71,17.73,0.113
2024-07-18 00:18:01+00:00,usd_mxn,17.71,17.73,0.113
2024-07-18 00:18:02+00:00,usd_mxn,17.71,17.73,0.113
2024-07-18 00:18:03+00:00,usd_mxn,17.71,17.73,0.113
2024-07-18 00:18:04+00:00,usd_mxn,17.71,17.73,0.113
2024-07-18 00:18:05+00:00,usd_mxn,17.71,17.73,0.113
2024-07-18 00:18:06+00:00,usd_mxn,17.71,17.73,0.113
2024-07-18 00:18:07+00:00,usd_mxn,17.71,17.73,0.113
2024-07-18 00:18:08+00:00,usd_mxn,17.71,17.73,0.113
2024-07-18 00:18:09+00:00,usd_mxn,17.71,17.73,0.113
2024-07-18 00:18:10+00:00,usd_mxn,17.71,17.73,0.113
2024-07-18 00:18:11+00:00,usd_mxn,17.71,17.73,0.113
2024-07-18 00:18:12+00:00,usd_mxn,17.71,17.73,0.113
2024-07-18 00:18:13+00:00,usd_mxn,17.71,17.73,0.113
2024-07-18 00:18:14+00:00,usd_mxn,17.71,17.73,0.113
2024-07-18 00:18:15+00:00,usd_mxn,17.71,17.73,0.113
2024-07-18 00:18:16+00:00,usd_mxn,17.71,17.73,0.113
2024-07-18 00:18:17+00:00,usd_mxn,17.71,17.73,0.113
2024-07-18 00:18:18+00:00,usd_mxn,17.71,17.73,0.113
2024-07-18 00:18:19+00:00,usd_mxn,17.71,17.73,0.113
2024-07-18 00:18:20+00:00,usd_mxn,17.71,17.73,0.113
2024-07-18 00:18:21+00:00,usd_mxn,17.71,17.73,0.113
2024-07-18 00:18:22+00:00,usd_mxn,17.71,17.73,0.113
2024-07-18 00:18:23+00:00,usd_mxn,17.71,17.73,0.113
2024-07-18 00:18:24+00:00,usd_mxn,17.71,17.73,0.113
2024-07-18 00:18:25+00:00,usd_mxn,17.71,17.73,0.113
2024-07-18 00:18:26+00:00,usd_mxn,17.71,17.73,0.113
2024-07-18 00:18:27+00:00,usd_mxn,17.71,17.73,0.113
2024-07-18 00:18:28+00:00,usd_mxn,17.71,17.73,0.113
2024-07-18 00:18:29+00:00,usd_mxn,17.71,17.73,0.113
2024-07-18 00:18:30+00:00,usd_mxn,17.71,17.73,0.113
2024-07-18 00:18:31+00:00,usd_mxn,17.71,17.73,0.113
2024-07-18 00:18:32+00:00,usd_mxn,17.71,17.73,0.113
2024-07-18 00:18:33+00:00,usd_mxn,17.71,17.73,0.113
2024-07-18 00:18:34+00:00,usd_mxn,17.71,17.73,0.113
2024-07-18 00:18:35+00:00,usd_mxn,17.71,17.73,0.113
2024-07-18 00:18:36+00:00,usd_mxn,17.71,17.73,0.113
2024-07-18 00:18:37+00:00,usd_mxn,17.71,17.73,0.113
2024-07-18 00:18:38+00:00,usd_mxn,17.71,17.73,0.113
2024-07-18 00:18:39+00:00,usd_mxn,17.71,17.73,0.113
2024-07-18 00:18:40+00:00,usd_mxn,17.71,17.73,0.113
2024-07-18 00:18:41+00:00,usd_mxn,17.71,17.73,0.113
2024-07-18 00:18:42+00:00,usd_mxn,17.71,17.73,0.113
2024-07-18 00:18:43+00:00,usd_mxn,17.71,17.73,0.113
2024-07-18 00:18:44+00:00,usd_mxn,17.71,17.73,0.113
2024-07-18 00:18:45+00:00,usd_mxn,17.71,17.73,0.113
2024-07-18 00:18:46+00:00,usd_mxn,17.71,17.73,0.113
2024-07-18 00:18:47+00:00,usd_mxn,17.71,17.73,0.113
2024-07-18 00:18:48+00:00,usd_mxn,17.71,17.73,0.113
2024-07-18 00:18:49+00:00,usd_mxn,17.71,17.73,0.113
2024-07-18 00:18:50+00:00,usd_mxn,17.71,17.73,0.113
2024-07-18 00:18:51+00:00,usd_mxn,17.71,17.73,0.113
2024-07-18 00:18:52+00:00,usd_mxn,17.71,17.73,0.113
2024-07-18 00:18:53+00:00,usd_mxn,17.71,17.73,0.113
2024-07-18 00:18:54+00:00,usd_mxn,17.71,17.73,0.113
2024-07-18 00:18:55+00:00,usd_mxn,17.71,17.73,0.113
2024-07-18 00:18:56+00:00,usd_mxn,17.71,17.73,0.113
2024-07-18 00:18:57+00:00,usd_mxn,17.71,17.73,0.113
2024-07-18 00:18:58+00:00,usd_mxn,17.71,17.73,0.113
2024-07-18 00:18:59+00:00,usd_mxn,17.71,17.73,0.113
2024-07-18 00:19:01+00:00,usd_mxn,17.71,17.73,0.113
2024-07-18 00:19:02+00:00,usd_mxn,17.71,17.73,0.113
2024-07-18 00:19:03+00:00,usd_mxn,17.71,17.73,0.113
2024-07-18 00:19:04+00:00,usd_mxn,17.71,17.73,0.113
2024-07-18 00:19:05+00:00,usd_mxn,17.71,17.73,0.113
2024-07-18 00:19:06+00:00,usd_mxn,17.71,17.73,0.113
2024-07-18 00:19:07+00:00,usd_mxn,17.71,17.73,0.113
2024-07-18 00:19:08+00:00,usd_mxn,17.71,17.73,0.113
2024-07-18 00:19:09+00:00,usd_mxn,17.71,17.73,0.113
2024-07-18 00:19:10+00:00,usd_mxn,17.71,17.73,0.113
2024-07-18 00:19:11+00:00,usd_mxn,17.71,17.73,0.113
2024-07-18 00:19:12+00:00,usd_mxn,17.71,17.73,0.113
2024-07-18 00:19:13+00:00,usd_mxn,17.71,17.73,0.113
2024-07-18 00:19:14+00:00,usd_mxn,17.71,17.73,0.113
2024-07-18 00:19:15+00:00,usd_mxn,17.71,17.73,0.113
2024-07-18 00:19:16+00:00,usd_mxn,17.71,17.73,0.113
2024-07-18 00:19:17+00:00,usd_mxn,17.71,17.73,0.113
2024-07-18 00:19:18+00:00,usd_mxn,17.71,17.73,0.113
2024-07-18 00:19:19+00:00,usd_mxn,17.71,17.73,0.113
2024-07-18 00:19:20+00:00,usd_mxn,17.71,17.73,0.113
2024-07-18 00:19:21+00:00,usd_mxn,17.71,17.73,0.113
2024-07-18 00:19:22+00:00,usd_mxn,17.71,17.73,0.113
2024-07-18 00:19:23+00:00,usd_mxn,17.71,17.73,0.113
2024-07-18 00:19:24+00:00,usd_mxn,17.71,17.73,0.113
2024-07-18 00:19:25+00:00,usd_mxn,17.71,17.73,0.113
2024-07-18 00:19:26+00:00,usd_mxn,17.71,17.73,0.113
2024-07-18 00:19:27+00:00,usd_mxn,17.71,17.73,0.113
2024-07-18 00:19:28+00:00,usd_mxn,17.71,17.73,0.113
2024-07-18 00:19:29+00:00,usd_mxn,17.71,17.73,0.113
2024-07-18 00:19:30+00:00,usd_mxn,17.71,17.73,0.113
2024-07-18 00:19:31+00:00,usd_mxn,17.71,17.73,0.113
2024-07-18 00:19:32+00:00,usd_mxn,17.71,17.73,0.113
2024-07-18 00:19:33+00:00,usd_mxn,17.71,17.73,0.113
2024-07-18 00:19:34+00:00,usd_mxn,17.71,17.73,0.113
2024-07-18 00:19:35+00:00,usd_mxn,17.71,17.73,0.113
2024-07-18 00:19:36+00:00,usd_mxn,17.71,17.73,0.113
2024-07-18 00:19:37+00:00,usd_mxn,17.71,17.73,0.113
2024-07-18 00:19:38+00:00,usd_mxn,17.71,17.73,0.113
2024-07-18 00:19:39+00:00,usd_mxn,17.71,17.73,0.113
2024-07-18 00:19:40+00:00,usd_mxn,17.71,17.73,0.113
