orderbook_timestamp,book,bid,ask,spread
2024-07-18 13:44:37+00:00,usd_mxn,17.77,17.78,0.056
2024-07-18 13:44:38+00:00,usd_mxn,17.77,17.78,0.056
2024-07-18 13:44:39+00:00,usd_mxn,17.77,17.78,0.056
2024-07-18 13:44:40+00:00,usd_mxn,17.77,17.78,0.056
2024-07-18 13:44:41+00:00,usd_mxn,17.77,17.78,0.056
2024-07-18 13:44:42+00:00,usd_mxn,17.77,17.78,0.056
2024-07-18 13:44:43+00:00,usd_mxn,17.77,17.78,0.056
2024-07-18 13:44:44+00:00,usd_mxn,17.77,17.78,0.056
2024-07-18 13:44:45+00:00,usd_mxn,17.77,17.78,0.056
2024-07-18 13:44:46+00:00,usd_mxn,17.77,17.78,0.056
2024-07-18 13:44:47+00:00,usd_mxn,17.77,17.78,0.056
2024-07-18 13:44:49+00:00,usd_mxn,17.77,17.78,0.056
2024-07-18 13:44:49+00:00,usd_mxn,17.77,17.78,0.056
2024-07-18 13:44:51+00:00,usd_mxn,17.77,17.78,0.056
2024-07-18 13:44:52+00:00,usd_mxn,17.77,17.78,0.056
2024-07-18 13:44:53+00:00,usd_mxn,17.77,17.78,0.056
2024-07-18 13:44:54+00:00,usd_mxn,17.77,17.78,0.056
2024-07-18 13:44:55+00:00,usd_mxn,17.77,17.78,0.056
2024-07-18 13:44:56+00:00,usd_mxn,17.77,17.78,0.056
2024-07-18 13:44:57+00:00,usd_mxn,17.77,17.78,0.056
2024-07-18 13:44:58+00:00,usd_mxn,17.77,17.78,0.056
2024-07-18 13:44:59+00:00,usd_mxn,17.77,17.78,0.056
2024-07-18 13:45:00+00:00,usd_mxn,17.77,17.78,0.056
2024-07-18 13:45:01+00:00,usd_mxn,17.77,17.78,0.056
2024-07-18 13:45:02+00:00,usd_mxn,17.77,17.78,0.056
2024-07-18 13:45:03+00:00,usd_mxn,17.77,17.78,0.056
2024-07-18 13:45:04+00:00,usd_mxn,17.77,17.78,0.056
2024-07-18 13:45:05+00:00,usd_mxn,17.77,17.78,0.056
2024-07-18 13:45:06+00:00,usd_mxn,17.77,17.78,0.056
2024-07-18 13:45:07+00:00,usd_mxn,17.77,17.78,0.056
2024-07-18 13:45:08+00:00,usd_mxn,17.77,17.78,0.056
2024-07-18 13:45:09+00:00,usd_mxn,17.77,17.78,0.056
2024-07-18 13:45:10+00:00,usd_mxn,17.77,17.78,0.056
2024-07-18 13:45:11+00:00,usd_mxn,17.77,17.78,0.056
2024-07-18 13:45:12+00:00,usd_mxn,17.77,17.78,0.056
2024-07-18 13:45:13+00:00,usd_mxn,17.77,17.79,0.112
2024-07-18 13:45:14+00:00,usd_mxn,17.77,17.79,0.112
2024-07-18 13:45:15+00:00,usd_mxn,17.77,17.79,0.112
2024-07-18 13:45:16+00:00,usd_mxn,17.77,17.79,0.112
2024-07-18 13:45:17+00:00,usd_mxn,17.77,17.79,0.112
2024-07-18 13:45:18+00:00,usd_mxn,17.77,17.79,0.112
2024-07-18 13:45:19+00:00,usd_mxn,17.77,17.79,0.112
2024-07-18 13:45:20+00:00,usd_mxn,17.77,17.79,0.112
2024-07-18 13:45:21+00:00,usd_mxn,17.77,17.79,0.112
2024-07-18 13:45:22+00:00,usd_mxn,17.77,17.79,0.112
2024-07-18 13:45:23+00:00,usd_mxn,17.77,17.79,0.112
2024-07-18 13:45:24+00:00,usd_mxn,17.77,17.79,0.112
2024-07-18 13:45:25+00:00,usd_mxn,17.77,17.79,0.112
2024-07-18 13:45:26+00:00,usd_mxn,17.77,17.79,0.112
2024-07-18 13:45:27+00:00,usd_mxn,17.77,17.79,0.112
2024-07-18 13:45:28+00:00,usd_mxn,17.77,17.79,0.112
2024-07-18 13:45:29+00:00,usd_mxn,17.77,17.79,0.112
2024-07-18 13:45:30+00:00,usd_mxn,17.77,17.79,0.112
2024-07-18 13:45:31+00:00,usd_mxn,17.77,17.79,0.112
2024-07-18 13:45:32+00:00,usd_mxn,17.77,17.79,0.112
2024-07-18 13:45:33+00:00,usd_mxn,17.77,17.79,0.112
2024-07-18 13:45:34+00:00,usd_mxn,17.77,17.79,0.112
2024-07-18 13:45:35+00:00,usd_mxn,17.77,17.79,0.112
2024-07-18 13:45:36+00:00,usd_mxn,17.77,17.79,0.112
2024-07-18 13:45:38+00:00,usd_mxn,17.77,17.79,0.112
2024-07-18 13:45:38+00:00,usd_mxn,17.77,17.79,0.112
2024-07-18 13:45:40+00:00,usd_mxn,17.77,17.79,0.112
2024-07-18 13:45:41+00:00,usd_mxn,17.77,17.79,0.112
2024-07-18 13:45:42+00:00,usd_mxn,17.77,17.79,0.112
2024-07-18 13:45:43+00:00,usd_mxn,17.77,17.79,0.112
2024-07-18 13:45:44+00:00,usd_mxn,17.77,17.79,0.112
2024-07-18 13:45:45+00:00,usd_mxn,17.77,17.79,0.112
2024-07-18 13:45:46+00:00,usd_mxn,17.77,17.79,0.112
2024-07-18 13:45:47+00:00,usd_mxn,17.77,17.79,0.112
2024-07-18 13:45:48+00:00,usd_mxn,17.77,17.79,0.112
2024-07-18 13:45:49+00:00,usd_mxn,17.77,17.79,0.112
2024-07-18 13:45:50+00:00,usd_mxn,17.77,17.79,0.112
2024-07-18 13:45:51+00:00,usd_mxn,17.77,17.79,0.112
2024-07-18 13:45:52+00:00,usd_mxn,17.77,17.79,0.112
2024-07-18 13:45:53+00:00,usd_mxn,17.77,17.79,0.112
2024-07-18 13:45:54+00:00,usd_mxn,17.77,17.79,0.112
2024-07-18 13:45:55+00:00,usd_mxn,17.77,17.79,0.112
2024-07-18 13:45:56+00:00,usd_mxn,17.77,17.79,0.112
2024-07-18 13:45:57+00:00,usd_mxn,17.77,17.79,0.112
2024-07-18 13:45:58+00:00,usd_mxn,17.77,17.79,0.112
2024-07-18 13:45:59+00:00,usd_mxn,17.77,17.79,0.112
2024-07-18 13:46:00+00:00,usd_mxn,17.77,17.79,0.112
2024-07-18 13:46:01+00:00,usd_mxn,17.77,17.79,0.112
2024-07-18 13:46:02+00:00,usd_mxn,17.77,17.79,0.112
2024-07-18 13:46:03+00:00,usd_mxn,17.76,17.79,0.169
2024-07-18 13:46:04+00:00,usd_mxn,17.76,17.79,0.169
2024-07-18 13:46:05+00:00,usd_mxn,17.76,17.79,0.169
2024-07-18 13:46:06+00:00,usd_mxn,17.76,17.79,0.169
2024-07-18 13:46:07+00:00,usd_mxn,17.76,17.79,0.169
2024-07-18 13:46:08+00:00,usd_mxn,17.76,17.79,0.169
2024-07-18 13:46:09+00:00,usd_mxn,17.76,17.79,0.169
2024-07-18 13:46:10+00:00,usd_mxn,17.76,17.79,0.169
2024-07-18 13:46:11+00:00,usd_mxn,17.76,17.79,0.169
2024-07-18 13:46:12+00:00,usd_mxn,17.76,17.79,0.169
2024-07-18 13:46:13+00:00,usd_mxn,17.76,17.79,0.169
2024-07-18 13:46:14+00:00,usd_mxn,17.76,17.79,0.169
2024-07-18 13:46:15+00:00,usd_mxn,17.76,17.79,0.169
2024-07-18 13:46:16+00:00,usd_mxn,17.76,17.79,0.169
2024-07-18 13:46:17+00:00,usd_mxn,17.76,17.79,0.169
2024-07-18 13:46:18+00:00,usd_mxn,17.76,17.79,0.169
2024-07-18 13:46:19+00:00,usd_mxn,17.76,17.79,0.169
2024-07-18 13:46:20+00:00,usd_mxn,17.76,17.79,0.169
2024-07-18 13:46:21+00:00,usd_mxn,17.76,17.79,0.169
2024-07-18 13:46:22+00:00,usd_mxn,17.76,17.79,0.169
2024-07-18 13:46:24+00:00,usd_mxn,17.76,17.79,0.169
2024-07-18 13:46:25+00:00,usd_mxn,17.76,17.79,0.169
2024-07-18 13:46:26+00:00,usd_mxn,17.76,17.79,0.169
2024-07-18 13:46:27+00:00,usd_mxn,17.76,17.79,0.169
2024-07-18 13:46:28+00:00,usd_mxn,17.76,17.79,0.169
2024-07-18 13:46:29+00:00,usd_mxn,17.76,17.79,0.169
2024-07-18 13:46:30+00:00,usd_mxn,17.76,17.79,0.169
2024-07-18 13:46:31+00:00,usd_mxn,17.76,17.79,0.169
2024-07-18 13:46:32+00:00,usd_mxn,17.76,17.79,0.169
2024-07-18 13:46:33+00:00,usd_mxn,17.76,17.79,0.169
2024-07-18 13:46:34+00:00,usd_mxn,17.76,17.79,0.169
2024-07-18 13:46:35+00:00,usd_mxn,17.76,17.79,0.169
2024-07-18 13:46:36+00:00,usd_mxn,17.76,17.79,0.169
2024-07-18 13:46:37+00:00,usd_mxn,17.76,17.79,0.169
2024-07-18 13:46:38+00:00,usd_mxn,17.76,17.79,0.169
2024-07-18 13:46:39+00:00,usd_mxn,17.76,17.79,0.169
2024-07-18 13:46:40+00:00,usd_mxn,17.76,17.79,0.169
2024-07-18 13:46:41+00:00,usd_mxn,17.76,17.79,0.169
2024-07-18 13:46:42+00:00,usd_mxn,17.76,17.79,0.169
2024-07-18 13:46:43+00:00,usd_mxn,17.76,17.79,0.169
2024-07-18 13:46:44+00:00,usd_mxn,17.76,17.79,0.169
2024-07-18 13:46:45+00:00,usd_mxn,17.76,17.79,0.169
2024-07-18 13:46:46+00:00,usd_mxn,17.76,17.79,0.169
2024-07-18 13:46:47+00:00,usd_mxn,17.76,17.79,0.169
2024-07-18 13:46:48+00:00,usd_mxn,17.76,17.79,0.169
2024-07-18 13:46:49+00:00,usd_mxn,17.76,17.79,0.169
2024-07-18 13:46:50+00:00,usd_mxn,17.76,17.79,0.169
2024-07-18 13:46:51+00:00,usd_mxn,17.76,17.79,0.169
2024-07-18 13:46:52+00:00,usd_mxn,17.76,17.79,0.169
2024-07-18 13:46:53+00:00,usd_mxn,17.76,17.79,0.169
2024-07-18 13:46:54+00:00,usd_mxn,17.76,17.79,0.169
2024-07-18 13:46:55+00:00,usd_mxn,17.76,17.79,0.169
2024-07-18 13:46:56+00:00,usd_mxn,17.76,17.79,0.169
2024-07-18 13:46:57+00:00,usd_mxn,17.76,17.79,0.169
2024-07-18 13:46:58+00:00,usd_mxn,17.76,17.79,0.169
2024-07-18 13:46:59+00:00,usd_mxn,17.76,17.79,0.169
2024-07-18 13:47:00+00:00,usd_mxn,17.76,17.79,0.169
2024-07-18 13:47:01+00:00,usd_mxn,17.76,17.79,0.169
2024-07-18 13:47:02+00:00,usd_mxn,17.76,17.79,0.169
2024-07-18 13:47:03+00:00,usd_mxn,17.76,17.79,0.169
2024-07-18 13:47:04+00:00,usd_mxn,17.76,17.79,0.169
2024-07-18 13:47:05+00:00,usd_mxn,17.76,17.79,0.169
2024-07-18 13:47:06+00:00,usd_mxn,17.76,17.79,0.169
2024-07-18 13:47:07+00:00,usd_mxn,17.76,17.79,0.169
2024-07-18 13:47:08+00:00,usd_mxn,17.76,17.79,0.169
2024-07-18 13:47:09+00:00,usd_mxn,17.76,17.79,0.169
2024-07-18 13:47:10+00:00,usd_mxn,17.76,17.79,0.169
2024-07-18 13:47:11+00:00,usd_mxn,17.76,17.79,0.169
2024-07-18 13:47:12+00:00,usd_mxn,17.76,17.79,0.169
2024-07-18 13:47:13+00:00,usd_mxn,17.76,17.79,0.169
2024-07-18 13:47:14+00:00,usd_mxn,17.76,17.79,0.169
2024-07-18 13:47:15+00:00,usd_mxn,17.77,17.79,0.112
2024-07-18 13:47:16+00:00,usd_mxn,17.77,17.79,0.112
2024-07-18 13:47:17+00:00,usd_mxn,17.77,17.79,0.112
2024-07-18 13:47:18+00:00,usd_mxn,17.77,17.79,0.112
2024-07-18 13:47:19+00:00,usd_mxn,17.77,17.79,0.112
2024-07-18 13:47:20+00:00,usd_mxn,17.77,17.79,0.112
2024-07-18 13:47:21+00:00,usd_mxn,17.77,17.79,0.112
2024-07-18 13:47:22+00:00,usd_mxn,17.77,17.79,0.112
2024-07-18 13:47:23+00:00,usd_mxn,17.77,17.79,0.112
2024-07-18 13:47:24+00:00,usd_mxn,17.77,17.79,0.112
2024-07-18 13:47:25+00:00,usd_mxn,17.77,17.79,0.112
2024-07-18 13:47:26+00:00,usd_mxn,17.77,17.79,0.112
2024-07-18 13:47:27+00:00,usd_mxn,17.77,17.79,0.112
2024-07-18 13:47:28+00:00,usd_mxn,17.77,17.79,0.112
2024-07-18 13:47:29+00:00,usd_mxn,17.77,17.79,0.112
2024-07-18 13:47:31+00:00,usd_mxn,17.77,17.79,0.112
2024-07-18 13:47:31+00:00,usd_mxn,17.77,17.79,0.112
2024-07-18 13:47:32+00:00,usd_mxn,17.77,17.79,0.112
2024-07-18 13:47:34+00:00,usd_mxn,17.77,17.79,0.112
2024-07-18 13:47:35+00:00,usd_mxn,17.77,17.79,0.112
2024-07-18 13:47:36+00:00,usd_mxn,17.77,17.79,0.112
2024-07-18 13:47:37+00:00,usd_mxn,17.77,17.79,0.112
2024-07-18 13:47:38+00:00,usd_mxn,17.77,17.79,0.112
2024-07-18 13:47:39+00:00,usd_mxn,17.77,17.79,0.112
2024-07-18 13:47:40+00:00,usd_mxn,17.77,17.79,0.112
2024-07-18 13:47:41+00:00,usd_mxn,17.77,17.79,0.112
2024-07-18 13:47:42+00:00,usd_mxn,17.77,17.79,0.112
2024-07-18 13:47:43+00:00,usd_mxn,17.77,17.79,0.112
2024-07-18 13:47:44+00:00,usd_mxn,17.77,17.79,0.112
2024-07-18 13:47:45+00:00,usd_mxn,17.77,17.79,0.112
2024-07-18 13:47:46+00:00,usd_mxn,17.77,17.79,0.112
2024-07-18 13:47:47+00:00,usd_mxn,17.77,17.79,0.112
2024-07-18 13:47:48+00:00,usd_mxn,17.77,17.79,0.112
2024-07-18 13:47:49+00:00,usd_mxn,17.77,17.79,0.112
2024-07-18 13:47:50+00:00,usd_mxn,17.77,17.79,0.112
2024-07-18 13:47:51+00:00,usd_mxn,17.77,17.79,0.112
2024-07-18 13:47:52+00:00,usd_mxn,17.77,17.79,0.112
2024-07-18 13:47:53+00:00,usd_mxn,17.77,17.79,0.112
2024-07-18 13:47:54+00:00,usd_mxn,17.77,17.79,0.112
2024-07-18 13:47:55+00:00,usd_mxn,17.77,17.79,0.112
2024-07-18 13:47:56+00:00,usd_mxn,17.77,17.79,0.112
2024-07-18 13:47:57+00:00,usd_mxn,17.77,17.79,0.112
2024-07-18 13:47:58+00:00,usd_mxn,17.77,17.79,0.112
2024-07-18 13:47:59+00:00,usd_mxn,17.77,17.79,0.112
2024-07-18 13:48:00+00:00,usd_mxn,17.77,17.79,0.112
2024-07-18 13:48:01+00:00,usd_mxn,17.77,17.79,0.112
2024-07-18 13:48:02+00:00,usd_mxn,17.77,17.79,0.112
2024-07-18 13:48:03+00:00,usd_mxn,17.77,17.79,0.112
2024-07-18 13:48:04+00:00,usd_mxn,17.77,17.79,0.112
2024-07-18 13:48:05+00:00,usd_mxn,17.77,17.79,0.112
2024-07-18 13:48:06+00:00,usd_mxn,17.77,17.79,0.112
2024-07-18 13:48:07+00:00,usd_mxn,17.77,17.79,0.112
2024-07-18 13:48:08+00:00,usd_mxn,17.77,17.79,0.112
2024-07-18 13:48:09+00:00,usd_mxn,17.77,17.79,0.112
2024-07-18 13:48:10+00:00,usd_mxn,17.77,17.79,0.112
2024-07-18 13:48:11+00:00,usd_mxn,17.77,17.79,0.112
2024-07-18 13:48:12+00:00,usd_mxn,17.77,17.79,0.112
2024-07-18 13:48:13+00:00,usd_mxn,17.77,17.79,0.112
2024-07-18 13:48:14+00:00,usd_mxn,17.77,17.79,0.112
2024-07-18 13:48:15+00:00,usd_mxn,17.77,17.79,0.112
2024-07-18 13:48:16+00:00,usd_mxn,17.77,17.79,0.112
2024-07-18 13:48:17+00:00,usd_mxn,17.77,17.79,0.112
2024-07-18 13:48:18+00:00,usd_mxn,17.77,17.79,0.112
2024-07-18 13:48:19+00:00,usd_mxn,17.77,17.79,0.112
2024-07-18 13:48:20+00:00,usd_mxn,17.77,17.79,0.112
2024-07-18 13:48:21+00:00,usd_mxn,17.77,17.79,0.112
2024-07-18 13:48:22+00:00,usd_mxn,17.77,17.79,0.112
2024-07-18 13:48:23+00:00,usd_mxn,17.77,17.79,0.112
2024-07-18 13:48:24+00:00,usd_mxn,17.77,17.79,0.112
2024-07-18 13:48:25+00:00,usd_mxn,17.77,17.79,0.112
2024-07-18 13:48:26+00:00,usd_mxn,17.77,17.79,0.112
2024-07-18 13:48:27+00:00,usd_mxn,17.77,17.79,0.112
2024-07-18 13:48:28+00:00,usd_mxn,17.77,17.79,0.112
2024-07-18 13:48:29+00:00,usd_mxn,17.77,17.79,0.112
2024-07-18 13:48:30+00:00,usd_mxn,17.77,17.79,0.112
2024-07-18 13:48:31+00:00,usd_mxn,17.77,17.79,0.112
2024-07-18 13:48:32+00:00,usd_mxn,17.77,17.79,0.112
2024-07-18 13:48:33+00:00,usd_mxn,17.77,17.79,0.112
2024-07-18 13:48:34+00:00,usd_mxn,17.77,17.79,0.112
2024-07-18 13:48:36+00:00,usd_mxn,17.77,17.79,0.112
2024-07-18 13:48:37+00:00,usd_mxn,17.77,17.79,0.112
2024-07-18 13:48:38+00:00,usd_mxn,17.77,17.79,0.112
2024-07-18 13:48:39+00:00,usd_mxn,17.77,17.79,0.112
2024-07-18 13:48:40+00:00,usd_mxn,17.77,17.79,0.112
2024-07-18 13:48:41+00:00,usd_mxn,17.77,17.79,0.112
2024-07-18 13:48:42+00:00,usd_mxn,17.77,17.79,0.112
2024-07-18 13:48:43+00:00,usd_mxn,17.77,17.79,0.112
2024-07-18 13:48:44+00:00,usd_mxn,17.77,17.79,0.112
2024-07-18 13:48:45+00:00,usd_mxn,17.77,17.79,0.112
2024-07-18 13:48:46+00:00,usd_mxn,17.77,17.79,0.112
2024-07-18 13:48:47+00:00,usd_mxn,17.77,17.79,0.112
2024-07-18 13:48:48+00:00,usd_mxn,17.77,17.79,0.112
2024-07-18 13:48:49+00:00,usd_mxn,17.77,17.79,0.112
2024-07-18 13:48:50+00:00,usd_mxn,17.77,17.79,0.112
2024-07-18 13:48:51+00:00,usd_mxn,17.77,17.79,0.112
2024-07-18 13:48:52+00:00,usd_mxn,17.77,17.79,0.112
2024-07-18 13:48:53+00:00,usd_mxn,17.77,17.79,0.112
2024-07-18 13:48:54+00:00,usd_mxn,17.77,17.79,0.112
2024-07-18 13:48:55+00:00,usd_mxn,17.77,17.79,0.112
2024-07-18 13:48:56+00:00,usd_mxn,17.77,17.79,0.112
2024-07-18 13:48:57+00:00,usd_mxn,17.77,17.79,0.112
2024-07-18 13:48:58+00:00,usd_mxn,17.77,17.79,0.112
2024-07-18 13:48:59+00:00,usd_mxn,17.77,17.79,0.112
2024-07-18 13:49:00+00:00,usd_mxn,17.77,17.79,0.112
2024-07-18 13:49:01+00:00,usd_mxn,17.77,17.79,0.112
2024-07-18 13:49:02+00:00,usd_mxn,17.77,17.79,0.112
2024-07-18 13:49:03+00:00,usd_mxn,17.77,17.79,0.112
2024-07-18 13:49:04+00:00,usd_mxn,17.77,17.79,0.112
2024-07-18 13:49:05+00:00,usd_mxn,17.77,17.79,0.112
2024-07-18 13:49:06+00:00,usd_mxn,17.77,17.79,0.112
2024-07-18 13:49:07+00:00,usd_mxn,17.77,17.79,0.112
2024-07-18 13:49:08+00:00,usd_mxn,17.77,17.79,0.112
2024-07-18 13:49:09+00:00,usd_mxn,17.77,17.79,0.112
2024-07-18 13:49:10+00:00,usd_mxn,17.77,17.79,0.112
2024-07-18 13:49:11+00:00,usd_mxn,17.77,17.79,0.112
2024-07-18 13:49:12+00:00,usd_mxn,17.77,17.79,0.112
2024-07-18 13:49:13+00:00,usd_mxn,17.77,17.79,0.112
2024-07-18 13:49:14+00:00,usd_mxn,17.77,17.79,0.112
2024-07-18 13:49:15+00:00,usd_mxn,17.77,17.79,0.112
2024-07-18 13:49:16+00:00,usd_mxn,17.77,17.79,0.112
2024-07-18 13:49:17+00:00,usd_mxn,17.77,17.79,0.112
2024-07-18 13:49:18+00:00,usd_mxn,17.77,17.79,0.112
2024-07-18 13:49:19+00:00,usd_mxn,17.77,17.79,0.112
2024-07-18 13:49:20+00:00,usd_mxn,17.77,17.79,0.112
2024-07-18 13:49:21+00:00,usd_mxn,17.77,17.79,0.112
2024-07-18 13:49:22+00:00,usd_mxn,17.77,17.79,0.112
2024-07-18 13:49:23+00:00,usd_mxn,17.77,17.79,0.112
2024-07-18 13:49:24+00:00,usd_mxn,17.77,17.79,0.112
2024-07-18 13:49:25+00:00,usd_mxn,17.77,17.79,0.112
2024-07-18 13:49:26+00:00,usd_mxn,17.77,17.79,0.112
2024-07-18 13:49:27+00:00,usd_mxn,17.77,17.79,0.112
2024-07-18 13:49:28+00:00,usd_mxn,17.77,17.79,0.112
2024-07-18 13:49:29+00:00,usd_mxn,17.77,17.79,0.112
2024-07-18 13:49:30+00:00,usd_mxn,17.77,17.79,0.112
2024-07-18 13:49:31+00:00,usd_mxn,17.77,17.79,0.112
2024-07-18 13:49:32+00:00,usd_mxn,17.77,17.79,0.112
2024-07-18 13:49:33+00:00,usd_mxn,17.77,17.79,0.112
2024-07-18 13:49:35+00:00,usd_mxn,17.77,17.79,0.112
2024-07-18 13:49:36+00:00,usd_mxn,17.77,17.79,0.112
2024-07-18 13:49:37+00:00,usd_mxn,17.77,17.79,0.112
2024-07-18 13:49:38+00:00,usd_mxn,17.77,17.79,0.112
2024-07-18 13:49:39+00:00,usd_mxn,17.77,17.79,0.112
2024-07-18 13:49:40+00:00,usd_mxn,17.77,17.79,0.112
2024-07-18 13:49:41+00:00,usd_mxn,17.77,17.79,0.112
2024-07-18 13:49:42+00:00,usd_mxn,17.77,17.79,0.112
2024-07-18 13:49:43+00:00,usd_mxn,17.77,17.79,0.112
2024-07-18 13:49:44+00:00,usd_mxn,17.77,17.79,0.112
2024-07-18 13:49:45+00:00,usd_mxn,17.77,17.79,0.112
2024-07-18 13:49:46+00:00,usd_mxn,17.77,17.79,0.112
2024-07-18 13:49:47+00:00,usd_mxn,17.77,17.79,0.112
2024-07-18 13:49:48+00:00,usd_mxn,17.77,17.79,0.112
2024-07-18 13:49:49+00:00,usd_mxn,17.77,17.79,0.112
2024-07-18 13:49:50+00:00,usd_mxn,17.77,17.79,0.112
2024-07-18 13:49:51+00:00,usd_mxn,17.77,17.79,0.112
2024-07-18 13:49:52+00:00,usd_mxn,17.77,17.79,0.112
2024-07-18 13:49:53+00:00,usd_mxn,17.77,17.79,0.112
2024-07-18 13:49:54+00:00,usd_mxn,17.77,17.79,0.112
2024-07-18 13:49:55+00:00,usd_mxn,17.77,17.79,0.112
2024-07-18 13:49:56+00:00,usd_mxn,17.77,17.79,0.112
2024-07-18 13:49:57+00:00,usd_mxn,17.77,17.79,0.112
2024-07-18 13:49:58+00:00,usd_mxn,17.77,17.79,0.112
2024-07-18 13:49:59+00:00,usd_mxn,17.77,17.79,0.112
2024-07-18 13:50:00+00:00,usd_mxn,17.77,17.79,0.112
2024-07-18 13:50:01+00:00,usd_mxn,17.77,17.79,0.112
2024-07-18 13:50:02+00:00,usd_mxn,17.77,17.79,0.112
2024-07-18 13:50:03+00:00,usd_mxn,17.77,17.79,0.112
2024-07-18 13:50:04+00:00,usd_mxn,17.77,17.79,0.112
2024-07-18 13:50:05+00:00,usd_mxn,17.77,17.79,0.112
2024-07-18 13:50:06+00:00,usd_mxn,17.77,17.79,0.112
2024-07-18 13:50:07+00:00,usd_mxn,17.77,17.79,0.112
2024-07-18 13:50:08+00:00,usd_mxn,17.77,17.79,0.112
2024-07-18 13:50:09+00:00,usd_mxn,17.77,17.79,0.112
2024-07-18 13:50:10+00:00,usd_mxn,17.77,17.79,0.112
2024-07-18 13:50:11+00:00,usd_mxn,17.77,17.79,0.112
2024-07-18 13:50:12+00:00,usd_mxn,17.77,17.79,0.112
2024-07-18 13:50:13+00:00,usd_mxn,17.77,17.79,0.112
2024-07-18 13:50:14+00:00,usd_mxn,17.77,17.79,0.112
2024-07-18 13:50:15+00:00,usd_mxn,17.77,17.79,0.112
2024-07-18 13:50:16+00:00,usd_mxn,17.77,17.79,0.112
2024-07-18 13:50:18+00:00,usd_mxn,17.77,17.79,0.112
2024-07-18 13:50:19+00:00,usd_mxn,17.77,17.79,0.112
2024-07-18 13:50:20+00:00,usd_mxn,17.77,17.79,0.112
2024-07-18 13:50:20+00:00,usd_mxn,17.77,17.79,0.112
2024-07-18 13:50:22+00:00,usd_mxn,17.77,17.79,0.112
2024-07-18 13:50:23+00:00,usd_mxn,17.77,17.79,0.112
2024-07-18 13:50:24+00:00,usd_mxn,17.77,17.79,0.112
2024-07-18 13:50:25+00:00,usd_mxn,17.77,17.79,0.112
2024-07-18 13:50:26+00:00,usd_mxn,17.77,17.79,0.112
2024-07-18 13:50:27+00:00,usd_mxn,17.77,17.79,0.112
2024-07-18 13:50:28+00:00,usd_mxn,17.77,17.79,0.112
2024-07-18 13:50:29+00:00,usd_mxn,17.77,17.79,0.112
2024-07-18 13:50:30+00:00,usd_mxn,17.77,17.79,0.112
2024-07-18 13:50:31+00:00,usd_mxn,17.77,17.79,0.112
2024-07-18 13:50:32+00:00,usd_mxn,17.77,17.79,0.112
2024-07-18 13:50:33+00:00,usd_mxn,17.77,17.79,0.112
2024-07-18 13:50:34+00:00,usd_mxn,17.77,17.79,0.112
2024-07-18 13:50:35+00:00,usd_mxn,17.77,17.79,0.112
2024-07-18 13:50:36+00:00,usd_mxn,17.77,17.79,0.112
2024-07-18 13:50:37+00:00,usd_mxn,17.77,17.79,0.112
2024-07-18 13:50:38+00:00,usd_mxn,17.77,17.79,0.112
2024-07-18 13:50:39+00:00,usd_mxn,17.77,17.79,0.112
2024-07-18 13:50:40+00:00,usd_mxn,17.77,17.79,0.112
2024-07-18 13:50:41+00:00,usd_mxn,17.77,17.79,0.112
2024-07-18 13:50:42+00:00,usd_mxn,17.77,17.79,0.112
2024-07-18 13:50:43+00:00,usd_mxn,17.77,17.79,0.112
2024-07-18 13:50:44+00:00,usd_mxn,17.77,17.79,0.112
2024-07-18 13:50:45+00:00,usd_mxn,17.77,17.79,0.112
2024-07-18 13:50:46+00:00,usd_mxn,17.77,17.79,0.112
2024-07-18 13:50:47+00:00,usd_mxn,17.77,17.79,0.112
2024-07-18 13:50:48+00:00,usd_mxn,17.77,17.79,0.112
2024-07-18 13:50:49+00:00,usd_mxn,17.77,17.79,0.112
2024-07-18 13:50:50+00:00,usd_mxn,17.77,17.79,0.112
2024-07-18 13:50:51+00:00,usd_mxn,17.77,17.79,0.112
2024-07-18 13:50:52+00:00,usd_mxn,17.77,17.79,0.112
2024-07-18 13:50:53+00:00,usd_mxn,17.77,17.79,0.112
2024-07-18 13:50:54+00:00,usd_mxn,17.77,17.79,0.112
2024-07-18 13:50:55+00:00,usd_mxn,17.77,17.79,0.112
2024-07-18 13:50:56+00:00,usd_mxn,17.77,17.79,0.112
2024-07-18 13:50:57+00:00,usd_mxn,17.77,17.79,0.112
2024-07-18 13:50:58+00:00,usd_mxn,17.77,17.79,0.112
2024-07-18 13:50:59+00:00,usd_mxn,17.76,17.79,0.169
2024-07-18 13:51:00+00:00,usd_mxn,17.76,17.79,0.169
2024-07-18 13:51:02+00:00,usd_mxn,17.76,17.79,0.169
2024-07-18 13:51:02+00:00,usd_mxn,17.76,17.79,0.169
2024-07-18 13:51:03+00:00,usd_mxn,17.76,17.79,0.169
2024-07-18 13:51:04+00:00,usd_mxn,17.76,17.79,0.169
2024-07-18 13:51:05+00:00,usd_mxn,17.76,17.79,0.169
2024-07-18 13:51:06+00:00,usd_mxn,17.76,17.79,0.169
2024-07-18 13:51:08+00:00,usd_mxn,17.76,17.79,0.169
2024-07-18 13:51:09+00:00,usd_mxn,17.76,17.79,0.169
2024-07-18 13:51:10+00:00,usd_mxn,17.76,17.79,0.169
2024-07-18 13:51:11+00:00,usd_mxn,17.76,17.79,0.169
2024-07-18 13:51:12+00:00,usd_mxn,17.76,17.79,0.169
2024-07-18 13:51:13+00:00,usd_mxn,17.76,17.79,0.169
2024-07-18 13:51:14+00:00,usd_mxn,17.76,17.79,0.169
2024-07-18 13:51:15+00:00,usd_mxn,17.76,17.79,0.169
2024-07-18 13:51:16+00:00,usd_mxn,17.76,17.79,0.169
2024-07-18 13:51:17+00:00,usd_mxn,17.76,17.79,0.169
2024-07-18 13:51:18+00:00,usd_mxn,17.76,17.79,0.169
2024-07-18 13:51:19+00:00,usd_mxn,17.76,17.79,0.169
2024-07-18 13:51:20+00:00,usd_mxn,17.76,17.79,0.169
2024-07-18 13:51:21+00:00,usd_mxn,17.76,17.79,0.169
2024-07-18 13:51:22+00:00,usd_mxn,17.76,17.79,0.169
2024-07-18 13:51:23+00:00,usd_mxn,17.76,17.79,0.169
2024-07-18 13:51:24+00:00,usd_mxn,17.76,17.79,0.169
2024-07-18 13:51:25+00:00,usd_mxn,17.76,17.79,0.169
2024-07-18 13:51:26+00:00,usd_mxn,17.76,17.79,0.169
2024-07-18 13:51:27+00:00,usd_mxn,17.76,17.79,0.169
2024-07-18 13:51:28+00:00,usd_mxn,17.76,17.79,0.169
2024-07-18 13:51:29+00:00,usd_mxn,17.76,17.79,0.169
2024-07-18 13:51:30+00:00,usd_mxn,17.76,17.79,0.169
2024-07-18 13:51:31+00:00,usd_mxn,17.76,17.79,0.169
2024-07-18 13:51:32+00:00,usd_mxn,17.76,17.79,0.169
2024-07-18 13:51:33+00:00,usd_mxn,17.76,17.79,0.169
2024-07-18 13:51:34+00:00,usd_mxn,17.76,17.79,0.169
2024-07-18 13:51:35+00:00,usd_mxn,17.76,17.79,0.169
2024-07-18 13:51:36+00:00,usd_mxn,17.76,17.79,0.169
2024-07-18 13:51:37+00:00,usd_mxn,17.76,17.79,0.169
2024-07-18 13:51:38+00:00,usd_mxn,17.76,17.79,0.169
2024-07-18 13:51:39+00:00,usd_mxn,17.76,17.79,0.169
2024-07-18 13:51:40+00:00,usd_mxn,17.76,17.79,0.169
2024-07-18 13:51:41+00:00,usd_mxn,17.76,17.79,0.169
2024-07-18 13:51:42+00:00,usd_mxn,17.76,17.79,0.169
2024-07-18 13:51:43+00:00,usd_mxn,17.76,17.79,0.169
2024-07-18 13:51:44+00:00,usd_mxn,17.76,17.79,0.169
2024-07-18 13:51:45+00:00,usd_mxn,17.76,17.79,0.169
2024-07-18 13:51:46+00:00,usd_mxn,17.76,17.79,0.169
2024-07-18 13:51:47+00:00,usd_mxn,17.76,17.79,0.169
2024-07-18 13:51:48+00:00,usd_mxn,17.76,17.79,0.169
2024-07-18 13:51:49+00:00,usd_mxn,17.76,17.79,0.169
2024-07-18 13:51:50+00:00,usd_mxn,17.76,17.79,0.169
2024-07-18 13:51:51+00:00,usd_mxn,17.76,17.79,0.169
2024-07-18 13:51:52+00:00,usd_mxn,17.76,17.79,0.169
2024-07-18 13:51:53+00:00,usd_mxn,17.76,17.79,0.169
2024-07-18 13:51:54+00:00,usd_mxn,17.76,17.79,0.169
2024-07-18 13:51:55+00:00,usd_mxn,17.76,17.79,0.169
2024-07-18 13:51:56+00:00,usd_mxn,17.76,17.79,0.169
2024-07-18 13:51:57+00:00,usd_mxn,17.76,17.79,0.169
2024-07-18 13:51:58+00:00,usd_mxn,17.76,17.79,0.169
2024-07-18 13:51:59+00:00,usd_mxn,17.76,17.79,0.169
2024-07-18 13:52:00+00:00,usd_mxn,17.76,17.79,0.169
2024-07-18 13:52:01+00:00,usd_mxn,17.76,17.79,0.169
2024-07-18 13:52:02+00:00,usd_mxn,17.76,17.79,0.169
2024-07-18 13:52:03+00:00,usd_mxn,17.76,17.79,0.169
2024-07-18 13:52:04+00:00,usd_mxn,17.76,17.79,0.169
2024-07-18 13:52:05+00:00,usd_mxn,17.76,17.79,0.169
2024-07-18 13:52:07+00:00,usd_mxn,17.76,17.78,0.112
2024-07-18 13:52:07+00:00,usd_mxn,17.76,17.78,0.112
2024-07-18 13:52:09+00:00,usd_mxn,17.76,17.78,0.112
2024-07-18 13:52:10+00:00,usd_mxn,17.76,17.78,0.112
2024-07-18 13:52:11+00:00,usd_mxn,17.76,17.78,0.112
2024-07-18 13:52:12+00:00,usd_mxn,17.76,17.78,0.112
2024-07-18 13:52:13+00:00,usd_mxn,17.76,17.78,0.112
2024-07-18 13:52:14+00:00,usd_mxn,17.76,17.78,0.112
2024-07-18 13:52:15+00:00,usd_mxn,17.76,17.78,0.112
2024-07-18 13:52:16+00:00,usd_mxn,17.76,17.78,0.112
2024-07-18 13:52:17+00:00,usd_mxn,17.76,17.78,0.112
2024-07-18 13:52:18+00:00,usd_mxn,17.76,17.78,0.112
2024-07-18 13:52:19+00:00,usd_mxn,17.76,17.78,0.112
2024-07-18 13:52:20+00:00,usd_mxn,17.76,17.78,0.112
2024-07-18 13:52:21+00:00,usd_mxn,17.76,17.78,0.112
2024-07-18 13:52:22+00:00,usd_mxn,17.76,17.78,0.112
2024-07-18 13:52:23+00:00,usd_mxn,17.76,17.78,0.112
2024-07-18 13:52:24+00:00,usd_mxn,17.76,17.78,0.112
2024-07-18 13:52:25+00:00,usd_mxn,17.76,17.78,0.112
2024-07-18 13:52:26+00:00,usd_mxn,17.76,17.78,0.112
2024-07-18 13:52:27+00:00,usd_mxn,17.76,17.78,0.112
2024-07-18 13:52:28+00:00,usd_mxn,17.76,17.78,0.112
2024-07-18 13:52:29+00:00,usd_mxn,17.76,17.78,0.112
2024-07-18 13:52:30+00:00,usd_mxn,17.76,17.78,0.112
2024-07-18 13:52:31+00:00,usd_mxn,17.76,17.78,0.112
2024-07-18 13:52:32+00:00,usd_mxn,17.76,17.78,0.112
2024-07-18 13:52:33+00:00,usd_mxn,17.76,17.78,0.112
2024-07-18 13:52:34+00:00,usd_mxn,17.76,17.78,0.112
2024-07-18 13:52:35+00:00,usd_mxn,17.76,17.78,0.112
2024-07-18 13:52:36+00:00,usd_mxn,17.76,17.78,0.112
2024-07-18 13:52:37+00:00,usd_mxn,17.76,17.78,0.112
2024-07-18 13:52:38+00:00,usd_mxn,17.76,17.78,0.112
2024-07-18 13:52:39+00:00,usd_mxn,17.76,17.78,0.112
2024-07-18 13:52:40+00:00,usd_mxn,17.76,17.78,0.112
2024-07-18 13:52:41+00:00,usd_mxn,17.76,17.78,0.112
2024-07-18 13:52:42+00:00,usd_mxn,17.76,17.78,0.112
2024-07-18 13:52:43+00:00,usd_mxn,17.76,17.78,0.112
2024-07-18 13:52:44+00:00,usd_mxn,17.76,17.78,0.112
2024-07-18 13:52:45+00:00,usd_mxn,17.76,17.78,0.112
2024-07-18 13:52:46+00:00,usd_mxn,17.76,17.78,0.112
2024-07-18 13:52:47+00:00,usd_mxn,17.76,17.78,0.112
2024-07-18 13:52:48+00:00,usd_mxn,17.76,17.78,0.112
2024-07-18 13:52:49+00:00,usd_mxn,17.76,17.78,0.112
2024-07-18 13:52:50+00:00,usd_mxn,17.76,17.78,0.112
2024-07-18 13:52:51+00:00,usd_mxn,17.76,17.78,0.112
2024-07-18 13:52:52+00:00,usd_mxn,17.76,17.78,0.112
2024-07-18 13:52:53+00:00,usd_mxn,17.76,17.78,0.112
2024-07-18 13:52:54+00:00,usd_mxn,17.76,17.78,0.112
2024-07-18 13:52:56+00:00,usd_mxn,17.76,17.78,0.112
2024-07-18 13:52:57+00:00,usd_mxn,17.76,17.78,0.112
2024-07-18 13:52:58+00:00,usd_mxn,17.76,17.78,0.112
2024-07-18 13:52:59+00:00,usd_mxn,17.76,17.78,0.112
2024-07-18 13:53:00+00:00,usd_mxn,17.76,17.78,0.112
2024-07-18 13:53:01+00:00,usd_mxn,17.76,17.78,0.112
2024-07-18 13:53:02+00:00,usd_mxn,17.76,17.78,0.112
2024-07-18 13:53:03+00:00,usd_mxn,17.76,17.78,0.112
2024-07-18 13:53:04+00:00,usd_mxn,17.76,17.78,0.112
2024-07-18 13:53:05+00:00,usd_mxn,17.76,17.77,0.056
2024-07-18 13:53:06+00:00,usd_mxn,17.76,17.77,0.056
2024-07-18 13:53:07+00:00,usd_mxn,17.76,17.77,0.056
2024-07-18 13:53:08+00:00,usd_mxn,17.76,17.77,0.056
2024-07-18 13:53:09+00:00,usd_mxn,17.76,17.77,0.056
2024-07-18 13:53:10+00:00,usd_mxn,17.76,17.77,0.056
2024-07-18 13:53:11+00:00,usd_mxn,17.76,17.77,0.056
2024-07-18 13:53:12+00:00,usd_mxn,17.76,17.77,0.056
2024-07-18 13:53:13+00:00,usd_mxn,17.76,17.77,0.056
2024-07-18 13:53:14+00:00,usd_mxn,17.76,17.77,0.056
2024-07-18 13:53:15+00:00,usd_mxn,17.76,17.77,0.056
2024-07-18 13:53:16+00:00,usd_mxn,17.76,17.77,0.056
2024-07-18 13:53:17+00:00,usd_mxn,17.76,17.77,0.056
2024-07-18 13:53:18+00:00,usd_mxn,17.76,17.77,0.056
2024-07-18 13:53:19+00:00,usd_mxn,17.76,17.77,0.056
2024-07-18 13:53:20+00:00,usd_mxn,17.76,17.77,0.056
2024-07-18 13:53:21+00:00,usd_mxn,17.76,17.77,0.056
2024-07-18 13:53:22+00:00,usd_mxn,17.76,17.77,0.056
2024-07-18 13:53:23+00:00,usd_mxn,17.76,17.77,0.056
2024-07-18 13:53:24+00:00,usd_mxn,17.76,17.77,0.056
2024-07-18 13:53:25+00:00,usd_mxn,17.76,17.77,0.056
2024-07-18 13:53:26+00:00,usd_mxn,17.76,17.77,0.056
2024-07-18 13:53:27+00:00,usd_mxn,17.76,17.77,0.056
2024-07-18 13:53:28+00:00,usd_mxn,17.76,17.77,0.056
2024-07-18 13:53:29+00:00,usd_mxn,17.76,17.77,0.056
2024-07-18 13:53:30+00:00,usd_mxn,17.76,17.77,0.056
2024-07-18 13:53:31+00:00,usd_mxn,17.76,17.77,0.056
2024-07-18 13:53:32+00:00,usd_mxn,17.76,17.77,0.056
2024-07-18 13:53:33+00:00,usd_mxn,17.76,17.77,0.056
2024-07-18 13:53:34+00:00,usd_mxn,17.76,17.77,0.056
2024-07-18 13:53:35+00:00,usd_mxn,17.76,17.77,0.056
2024-07-18 13:53:36+00:00,usd_mxn,17.76,17.77,0.056
2024-07-18 13:53:37+00:00,usd_mxn,17.76,17.77,0.056
2024-07-18 13:53:38+00:00,usd_mxn,17.76,17.77,0.056
2024-07-18 13:53:39+00:00,usd_mxn,17.76,17.77,0.056
2024-07-18 13:53:40+00:00,usd_mxn,17.76,17.77,0.056
2024-07-18 13:53:41+00:00,usd_mxn,17.76,17.77,0.056
2024-07-18 13:53:42+00:00,usd_mxn,17.76,17.77,0.056
2024-07-18 13:53:43+00:00,usd_mxn,17.76,17.77,0.056
2024-07-18 13:53:44+00:00,usd_mxn,17.76,17.77,0.056
2024-07-18 13:53:46+00:00,usd_mxn,17.76,17.77,0.056
2024-07-18 13:53:47+00:00,usd_mxn,17.76,17.77,0.056
2024-07-18 13:53:48+00:00,usd_mxn,17.76,17.77,0.056
2024-07-18 13:53:49+00:00,usd_mxn,17.76,17.77,0.056
2024-07-18 13:53:50+00:00,usd_mxn,17.76,17.77,0.056
2024-07-18 13:53:51+00:00,usd_mxn,17.76,17.77,0.056
2024-07-18 13:53:52+00:00,usd_mxn,17.76,17.77,0.056
2024-07-18 13:53:53+00:00,usd_mxn,17.76,17.77,0.056
2024-07-18 13:53:54+00:00,usd_mxn,17.76,17.77,0.056
2024-07-18 13:53:55+00:00,usd_mxn,17.76,17.77,0.056
2024-07-18 13:53:56+00:00,usd_mxn,17.76,17.77,0.056
2024-07-18 13:53:57+00:00,usd_mxn,17.76,17.77,0.056
2024-07-18 13:53:58+00:00,usd_mxn,17.76,17.77,0.056
2024-07-18 13:53:59+00:00,usd_mxn,17.76,17.77,0.056
2024-07-18 13:54:00+00:00,usd_mxn,17.76,17.77,0.056
2024-07-18 13:54:01+00:00,usd_mxn,17.76,17.77,0.056
2024-07-18 13:54:02+00:00,usd_mxn,17.76,17.77,0.056
2024-07-18 13:54:03+00:00,usd_mxn,17.76,17.77,0.056
2024-07-18 13:54:04+00:00,usd_mxn,17.76,17.77,0.056
2024-07-18 13:54:05+00:00,usd_mxn,17.76,17.77,0.056
2024-07-18 13:54:06+00:00,usd_mxn,17.76,17.77,0.056
2024-07-18 13:54:07+00:00,usd_mxn,17.76,17.77,0.056
2024-07-18 13:54:08+00:00,usd_mxn,17.76,17.77,0.056
2024-07-18 13:54:09+00:00,usd_mxn,17.76,17.77,0.056
2024-07-18 13:54:10+00:00,usd_mxn,17.76,17.77,0.056
2024-07-18 13:54:11+00:00,usd_mxn,17.76,17.77,0.056
2024-07-18 13:54:12+00:00,usd_mxn,17.76,17.77,0.056
2024-07-18 13:54:13+00:00,usd_mxn,17.76,17.77,0.056
2024-07-18 13:54:14+00:00,usd_mxn,17.76,17.77,0.056
2024-07-18 13:54:15+00:00,usd_mxn,17.76,17.77,0.056
2024-07-18 13:54:16+00:00,usd_mxn,17.76,17.77,0.056
2024-07-18 13:54:17+00:00,usd_mxn,17.76,17.77,0.056
2024-07-18 13:54:18+00:00,usd_mxn,17.76,17.77,0.056
2024-07-18 13:54:19+00:00,usd_mxn,17.76,17.77,0.056
2024-07-18 13:54:20+00:00,usd_mxn,17.76,17.77,0.056
2024-07-18 13:54:21+00:00,usd_mxn,17.76,17.77,0.056
2024-07-18 13:54:22+00:00,usd_mxn,17.76,17.77,0.056
2024-07-18 13:54:23+00:00,usd_mxn,17.76,17.77,0.056
2024-07-18 13:54:24+00:00,usd_mxn,17.76,17.77,0.056
2024-07-18 13:54:25+00:00,usd_mxn,17.76,17.77,0.056
2024-07-18 13:54:26+00:00,usd_mxn,17.76,17.77,0.056
2024-07-18 13:54:27+00:00,usd_mxn,17.76,17.77,0.056
2024-07-18 13:54:28+00:00,usd_mxn,17.76,17.77,0.056
2024-07-18 13:54:29+00:00,usd_mxn,17.76,17.77,0.056
2024-07-18 13:54:30+00:00,usd_mxn,17.76,17.77,0.056
2024-07-18 13:54:31+00:00,usd_mxn,17.76,17.77,0.056
2024-07-18 13:54:32+00:00,usd_mxn,17.76,17.77,0.056
2024-07-18 13:54:33+00:00,usd_mxn,17.76,17.77,0.056
2024-07-18 13:54:34+00:00,usd_mxn,17.76,17.77,0.056
2024-07-18 13:54:35+00:00,usd_mxn,17.76,17.77,0.056
2024-07-18 13:54:36+00:00,usd_mxn,17.76,17.77,0.056
2024-07-18 13:54:37+00:00,usd_mxn,17.76,17.77,0.056
2024-07-18 13:54:38+00:00,usd_mxn,17.76,17.77,0.056
2024-07-18 13:54:39+00:00,usd_mxn,17.76,17.77,0.056
2024-07-18 13:54:40+00:00,usd_mxn,17.76,17.77,0.056
2024-07-18 13:54:41+00:00,usd_mxn,17.76,17.77,0.056
2024-07-18 13:54:42+00:00,usd_mxn,17.76,17.77,0.056
2024-07-18 13:54:43+00:00,usd_mxn,17.76,17.77,0.056
2024-07-18 13:54:44+00:00,usd_mxn,17.76,17.77,0.056
2024-07-18 13:54:46+00:00,usd_mxn,17.76,17.77,0.056
2024-07-18 13:54:47+00:00,usd_mxn,17.76,17.77,0.056
2024-07-18 13:54:48+00:00,usd_mxn,17.76,17.77,0.056
