orderbook_timestamp,book,bid,ask,spread
2024-07-18 13:21:16+00:00,btc_mxn,1154969.98,1154970.0,0.0
2024-07-18 13:21:17+00:00,btc_mxn,1154969.98,1154970.0,0.0
2024-07-18 13:21:18+00:00,btc_mxn,1154969.98,1154970.0,0.0
2024-07-18 13:21:19+00:00,btc_mxn,1154969.98,1154970.0,0.0
2024-07-18 13:21:20+00:00,btc_mxn,1154969.98,1154970.0,0.0
2024-07-18 13:21:21+00:00,btc_mxn,1154969.98,1154970.0,0.0
2024-07-18 13:21:22+00:00,btc_mxn,1154969.98,1154970.0,0.0
2024-07-18 13:21:23+00:00,btc_mxn,1154969.98,1154970.0,0.0
2024-07-18 13:21:24+00:00,btc_mxn,1154969.98,1154970.0,0.0
2024-07-18 13:21:25+00:00,btc_mxn,1154969.98,1154970.0,0.0
2024-07-18 13:21:26+00:00,btc_mxn,1154969.98,1154970.0,0.0
2024-07-18 13:21:27+00:00,btc_mxn,1154969.98,1154970.0,0.0
2024-07-18 13:21:28+00:00,btc_mxn,1154969.98,1154970.0,0.0
2024-07-18 13:21:29+00:00,btc_mxn,1154969.98,1154970.0,0.0
2024-07-18 13:21:30+00:00,btc_mxn,1154969.98,1154970.0,0.0
2024-07-18 13:21:31+00:00,btc_mxn,1154969.98,1154970.0,0.0
2024-07-18 13:21:32+00:00,btc_mxn,1154969.98,1154970.0,0.0
2024-07-18 13:21:33+00:00,btc_mxn,1154969.98,1154970.0,0.0
2024-07-18 13:21:34+00:00,btc_mxn,1154969.98,1154970.0,0.0
2024-07-18 13:21:35+00:00,btc_mxn,1154969.98,1154970.0,0.0
2024-07-18 13:21:36+00:00,btc_mxn,1154969.98,1154970.0,0.0
2024-07-18 13:21:37+00:00,btc_mxn,1154969.98,1154970.0,0.0
2024-07-18 13:21:39+00:00,btc_mxn,1154969.98,1154970.0,0.0
2024-07-18 13:21:40+00:00,btc_mxn,1154969.98,1154970.0,0.0
2024-07-18 13:21:41+00:00,btc_mxn,1154969.98,1154970.0,0.0
2024-07-18 13:21:42+00:00,btc_mxn,1154969.98,1154970.0,0.0
2024-07-18 13:21:43+00:00,btc_mxn,1154969.98,1154970.0,0.0
2024-07-18 13:21:44+00:00,btc_mxn,1154969.98,1154970.0,0.0
2024-07-18 13:21:45+00:00,btc_mxn,1154969.98,1154970.0,0.0
2024-07-18 13:21:46+00:00,btc_mxn,1154969.98,1154970.0,0.0
2024-07-18 13:21:47+00:00,btc_mxn,1154969.98,1154970.0,0.0
2024-07-18 13:21:48+00:00,btc_mxn,1154969.98,1154970.0,0.0
2024-07-18 13:21:49+00:00,btc_mxn,1154969.98,1154970.0,0.0
2024-07-18 13:21:50+00:00,btc_mxn,1154969.98,1154970.0,0.0
2024-07-18 13:21:51+00:00,btc_mxn,1154969.98,1154970.0,0.0
2024-07-18 13:21:52+00:00,btc_mxn,1154969.98,1154970.0,0.0
2024-07-18 13:21:53+00:00,btc_mxn,1154969.98,1154970.0,0.0
2024-07-18 13:21:54+00:00,btc_mxn,1154969.98,1154970.0,0.0
2024-07-18 13:21:55+00:00,btc_mxn,1154969.98,1154970.0,0.0
2024-07-18 13:21:56+00:00,btc_mxn,1154969.98,1154970.0,0.0
2024-07-18 13:21:57+00:00,btc_mxn,1154969.98,1154970.0,0.0
2024-07-18 13:21:58+00:00,btc_mxn,1154969.98,1154970.0,0.0
2024-07-18 13:21:59+00:00,btc_mxn,1154969.98,1154970.0,0.0
2024-07-18 13:22:00+00:00,btc_mxn,1154969.98,1154970.0,0.0
2024-07-18 13:22:02+00:00,btc_mxn,1154969.98,1154970.02,0.0
2024-07-18 13:22:02+00:00,btc_mxn,1154969.98,1154970.02,0.0
2024-07-18 13:22:03+00:00,btc_mxn,1154969.98,1154970.02,0.0
2024-07-18 13:22:04+00:00,btc_mxn,1154969.98,1154970.02,0.0
2024-07-18 13:22:05+00:00,btc_mxn,1154969.98,1154970.02,0.0
2024-07-18 13:22:06+00:00,btc_mxn,1154969.98,1154970.02,0.0
2024-07-18 13:22:07+00:00,btc_mxn,1154969.98,1154970.02,0.0
2024-07-18 13:22:08+00:00,btc_mxn,1154969.98,1154970.02,0.0
2024-07-18 13:22:09+00:00,btc_mxn,1154969.98,1154970.02,0.0
2024-07-18 13:22:10+00:00,btc_mxn,1154969.98,1154970.02,0.0
2024-07-18 13:22:11+00:00,btc_mxn,1154969.98,1154970.02,0.0
2024-07-18 13:22:12+00:00,btc_mxn,1151840.0,1154760.0,0.253
2024-07-18 13:22:13+00:00,btc_mxn,1151840.0,1154760.0,0.253
2024-07-18 13:22:14+00:00,btc_mxn,1151840.0,1154760.0,0.253
2024-07-18 13:22:15+00:00,btc_mxn,1151680.0,1154550.0,0.249
2024-07-18 13:22:16+00:00,btc_mxn,1152080.0,1154550.0,0.214
2024-07-18 13:22:17+00:00,btc_mxn,1152080.0,1154550.0,0.214
2024-07-18 13:22:18+00:00,btc_mxn,1152080.0,1154550.0,0.214
2024-07-18 13:22:19+00:00,btc_mxn,1152080.0,1154550.0,0.214
2024-07-18 13:22:20+00:00,btc_mxn,1152080.0,1154550.0,0.214
2024-07-18 13:22:21+00:00,btc_mxn,1152080.0,1154550.0,0.214
2024-07-18 13:22:22+00:00,btc_mxn,1152080.0,1154550.0,0.214
2024-07-18 13:22:24+00:00,btc_mxn,1152080.0,1154550.0,0.214
2024-07-18 13:22:25+00:00,btc_mxn,1152080.0,1154550.0,0.214
2024-07-18 13:22:26+00:00,btc_mxn,1152080.0,1154550.0,0.214
2024-07-18 13:22:26+00:00,btc_mxn,1152080.0,1154550.0,0.214
2024-07-18 13:22:28+00:00,btc_mxn,1152080.0,1154550.0,0.214
2024-07-18 13:22:29+00:00,btc_mxn,1152080.0,1154550.0,0.214
2024-07-18 13:22:30+00:00,btc_mxn,1152080.0,1154550.0,0.214
2024-07-18 13:22:31+00:00,btc_mxn,1152080.0,1154550.0,0.214
2024-07-18 13:22:32+00:00,btc_mxn,1152080.0,1154550.0,0.214
2024-07-18 13:22:33+00:00,btc_mxn,1152080.0,1154550.0,0.214
2024-07-18 13:22:34+00:00,btc_mxn,1152080.0,1154550.0,0.214
2024-07-18 13:22:35+00:00,btc_mxn,1152080.0,1154550.0,0.214
2024-07-18 13:22:36+00:00,btc_mxn,1152080.0,1154550.0,0.214
2024-07-18 13:22:37+00:00,btc_mxn,1152080.0,1154550.0,0.214
2024-07-18 13:22:38+00:00,btc_mxn,1152080.0,1154550.0,0.214
2024-07-18 13:22:39+00:00,btc_mxn,1152080.0,1154550.0,0.214
2024-07-18 13:22:40+00:00,btc_mxn,1152080.0,1154550.0,0.214
2024-07-18 13:22:41+00:00,btc_mxn,1152080.0,1154550.0,0.214
2024-07-18 13:22:42+00:00,btc_mxn,1152080.0,1154550.0,0.214
2024-07-18 13:22:43+00:00,btc_mxn,1152080.0,1154550.0,0.214
2024-07-18 13:22:44+00:00,btc_mxn,1152080.0,1154550.0,0.214
2024-07-18 13:22:45+00:00,btc_mxn,1152080.0,1154550.0,0.214
2024-07-18 13:22:46+00:00,btc_mxn,1152080.0,1154550.0,0.214
2024-07-18 13:22:47+00:00,btc_mxn,1152080.0,1154550.0,0.214
2024-07-18 13:22:48+00:00,btc_mxn,1152080.0,1154550.0,0.214
2024-07-18 13:22:49+00:00,btc_mxn,1152080.0,1154550.0,0.214
2024-07-18 13:22:50+00:00,btc_mxn,1152080.0,1154550.0,0.214
2024-07-18 13:22:51+00:00,btc_mxn,1152080.0,1154550.0,0.214
2024-07-18 13:22:52+00:00,btc_mxn,1152080.0,1154550.0,0.214
2024-07-18 13:22:53+00:00,btc_mxn,1152080.0,1154550.0,0.214
2024-07-18 13:22:54+00:00,btc_mxn,1152080.0,1154550.0,0.214
2024-07-18 13:22:55+00:00,btc_mxn,1152080.0,1154550.0,0.214
2024-07-18 13:22:56+00:00,btc_mxn,1152080.0,1154550.0,0.214
2024-07-18 13:22:57+00:00,btc_mxn,1152080.0,1154550.0,0.214
2024-07-18 13:22:58+00:00,btc_mxn,1152080.0,1154550.0,0.214
2024-07-18 13:22:59+00:00,btc_mxn,1152080.0,1154550.0,0.214
2024-07-18 13:23:00+00:00,btc_mxn,1151680.0,1154260.0,0.224
2024-07-18 13:23:01+00:00,btc_mxn,1151680.0,1154970.02,0.285
2024-07-18 13:23:02+00:00,btc_mxn,1151680.0,1154970.02,0.285
2024-07-18 13:23:03+00:00,btc_mxn,1151680.0,1153900.0,0.192
2024-07-18 13:23:04+00:00,btc_mxn,1151680.0,1153870.0,0.19
2024-07-18 13:23:05+00:00,btc_mxn,1151680.0,1153870.0,0.19
2024-07-18 13:23:06+00:00,btc_mxn,1151870.0,1153870.0,0.173
2024-07-18 13:23:08+00:00,btc_mxn,1151870.0,1153870.0,0.173
2024-07-18 13:23:09+00:00,btc_mxn,1151870.0,1153870.0,0.173
2024-07-18 13:23:10+00:00,btc_mxn,1151870.0,1153870.0,0.173
2024-07-18 13:23:11+00:00,btc_mxn,1151870.0,1153870.0,0.173
2024-07-18 13:23:12+00:00,btc_mxn,1151870.0,1153870.0,0.173
2024-07-18 13:23:13+00:00,btc_mxn,1151870.0,1153870.0,0.173
2024-07-18 13:23:14+00:00,btc_mxn,1151870.0,1153870.0,0.173
2024-07-18 13:23:15+00:00,btc_mxn,1151870.0,1153870.0,0.173
2024-07-18 13:23:16+00:00,btc_mxn,1151870.0,1153870.0,0.173
2024-07-18 13:23:17+00:00,btc_mxn,1151870.0,1153870.0,0.173
2024-07-18 13:23:18+00:00,btc_mxn,1151870.0,1153870.0,0.173
2024-07-18 13:23:19+00:00,btc_mxn,1151870.0,1153290.0,0.123
2024-07-18 13:23:20+00:00,btc_mxn,1151870.0,1153290.0,0.123
2024-07-18 13:23:21+00:00,btc_mxn,1151870.0,1153290.0,0.123
2024-07-18 13:23:22+00:00,btc_mxn,1151870.0,1153290.0,0.123
2024-07-18 13:23:23+00:00,btc_mxn,1151870.0,1153290.0,0.123
2024-07-18 13:23:24+00:00,btc_mxn,1151870.0,1153290.0,0.123
2024-07-18 13:23:25+00:00,btc_mxn,1151870.0,1153290.0,0.123
2024-07-18 13:23:26+00:00,btc_mxn,1151870.0,1153290.0,0.123
2024-07-18 13:23:27+00:00,btc_mxn,1151870.0,1153290.0,0.123
2024-07-18 13:23:28+00:00,btc_mxn,1151870.0,1153290.0,0.123
2024-07-18 13:23:29+00:00,btc_mxn,1151870.0,1153290.0,0.123
2024-07-18 13:23:30+00:00,btc_mxn,1151870.0,1153290.0,0.123
2024-07-18 13:23:31+00:00,btc_mxn,1151870.0,1153290.0,0.123
2024-07-18 13:23:32+00:00,btc_mxn,1151870.0,1153290.0,0.123
2024-07-18 13:23:33+00:00,btc_mxn,1151870.0,1153290.0,0.123
2024-07-18 13:23:34+00:00,btc_mxn,1151870.0,1153290.0,0.123
2024-07-18 13:23:35+00:00,btc_mxn,1151870.0,1153290.0,0.123
2024-07-18 13:23:36+00:00,btc_mxn,1151870.0,1153290.0,0.123
2024-07-18 13:23:37+00:00,btc_mxn,1151870.0,1153290.0,0.123
2024-07-18 13:23:38+00:00,btc_mxn,1151870.0,1153290.0,0.123
2024-07-18 13:23:39+00:00,btc_mxn,1151870.0,1153290.0,0.123
2024-07-18 13:23:40+00:00,btc_mxn,1151870.0,1153290.0,0.123
2024-07-18 13:23:41+00:00,btc_mxn,1151870.0,1153290.0,0.123
2024-07-18 13:23:42+00:00,btc_mxn,1151870.0,1153290.0,0.123
2024-07-18 13:23:43+00:00,btc_mxn,1151870.0,1153290.0,0.123
2024-07-18 13:23:44+00:00,btc_mxn,1151870.0,1153290.0,0.123
2024-07-18 13:23:45+00:00,btc_mxn,1151870.0,1153290.0,0.123
2024-07-18 13:23:46+00:00,btc_mxn,1151870.0,1153290.0,0.123
2024-07-18 13:23:47+00:00,btc_mxn,1151870.0,1153290.0,0.123
2024-07-18 13:23:48+00:00,btc_mxn,1151870.0,1153290.0,0.123
2024-07-18 13:23:49+00:00,btc_mxn,1151870.0,1153290.0,0.123
2024-07-18 13:23:50+00:00,btc_mxn,1151870.0,1153290.0,0.123
2024-07-18 13:23:51+00:00,btc_mxn,1151870.0,1153290.0,0.123
2024-07-18 13:23:52+00:00,btc_mxn,1151870.0,1153290.0,0.123
2024-07-18 13:23:53+00:00,btc_mxn,1151870.0,1153290.0,0.123
2024-07-18 13:23:54+00:00,btc_mxn,1151870.0,1153290.0,0.123
2024-07-18 13:23:55+00:00,btc_mxn,1151870.0,1153290.0,0.123
2024-07-18 13:23:57+00:00,btc_mxn,1151870.0,1153290.0,0.123
2024-07-18 13:23:58+00:00,btc_mxn,1151870.0,1153290.0,0.123
2024-07-18 13:23:59+00:00,btc_mxn,1151870.0,1153290.0,0.123
2024-07-18 13:24:00+00:00,btc_mxn,1151870.0,1153870.0,0.173
2024-07-18 13:24:01+00:00,btc_mxn,1151870.0,1153870.0,0.173
2024-07-18 13:24:02+00:00,btc_mxn,1151870.0,1153870.0,0.173
2024-07-18 13:24:03+00:00,btc_mxn,1151870.0,1153870.0,0.173
2024-07-18 13:24:04+00:00,btc_mxn,1151870.0,1153870.0,0.173
2024-07-18 13:24:05+00:00,btc_mxn,1151870.0,1153870.0,0.173
2024-07-18 13:24:06+00:00,btc_mxn,1151870.0,1153870.0,0.173
2024-07-18 13:24:07+00:00,btc_mxn,1151870.0,1153870.0,0.173
2024-07-18 13:24:08+00:00,btc_mxn,1151870.0,1153870.0,0.173
2024-07-18 13:24:09+00:00,btc_mxn,1151870.0,1153870.0,0.173
2024-07-18 13:24:10+00:00,btc_mxn,1151870.0,1153870.0,0.173
2024-07-18 13:24:11+00:00,btc_mxn,1151870.0,1153870.0,0.173
2024-07-18 13:24:12+00:00,btc_mxn,1151870.0,1153870.0,0.173
2024-07-18 13:24:13+00:00,btc_mxn,1151870.0,1153870.0,0.173
2024-07-18 13:24:14+00:00,btc_mxn,1151870.0,1153870.0,0.173
2024-07-18 13:24:15+00:00,btc_mxn,1151870.0,1153870.0,0.173
2024-07-18 13:24:16+00:00,btc_mxn,1151870.0,1153870.0,0.173
2024-07-18 13:24:17+00:00,btc_mxn,1151870.0,1153870.0,0.173
2024-07-18 13:24:18+00:00,btc_mxn,1151870.0,1153870.0,0.173
2024-07-18 13:24:19+00:00,btc_mxn,1151870.0,1153870.0,0.173
2024-07-18 13:24:20+00:00,btc_mxn,1151870.0,1153870.0,0.173
2024-07-18 13:24:21+00:00,btc_mxn,1151710.0,1153870.0,0.187
2024-07-18 13:24:22+00:00,btc_mxn,1151710.0,1153230.0,0.132
2024-07-18 13:24:23+00:00,btc_mxn,1151710.0,1153230.0,0.132
2024-07-18 13:24:24+00:00,btc_mxn,1151710.0,1153230.0,0.132
2024-07-18 13:24:25+00:00,btc_mxn,1151710.0,1153230.0,0.132
2024-07-18 13:24:26+00:00,btc_mxn,1151710.0,1153230.0,0.132
2024-07-18 13:24:27+00:00,btc_mxn,1151710.0,1153230.0,0.132
2024-07-18 13:24:28+00:00,btc_mxn,1151710.0,1153230.0,0.132
2024-07-18 13:24:29+00:00,btc_mxn,1151710.0,1153230.0,0.132
2024-07-18 13:24:30+00:00,btc_mxn,1151710.0,1153230.0,0.132
2024-07-18 13:24:31+00:00,btc_mxn,1151710.0,1153230.0,0.132
2024-07-18 13:24:32+00:00,btc_mxn,1151710.0,1153230.0,0.132
2024-07-18 13:24:33+00:00,btc_mxn,1151710.0,1153230.0,0.132
2024-07-18 13:24:34+00:00,btc_mxn,1151710.0,1153230.0,0.132
2024-07-18 13:24:35+00:00,btc_mxn,1151710.0,1153230.0,0.132
2024-07-18 13:24:36+00:00,btc_mxn,1151710.0,1153230.0,0.132
2024-07-18 13:24:37+00:00,btc_mxn,1151710.0,1153230.0,0.132
2024-07-18 13:24:38+00:00,btc_mxn,1151710.0,1153230.0,0.132
2024-07-18 13:24:39+00:00,btc_mxn,1151710.0,1153230.0,0.132
2024-07-18 13:24:40+00:00,btc_mxn,1151710.0,1153230.0,0.132
2024-07-18 13:24:41+00:00,btc_mxn,1151710.0,1153230.0,0.132
2024-07-18 13:24:42+00:00,btc_mxn,1151710.0,1153230.0,0.132
2024-07-18 13:24:44+00:00,btc_mxn,1151710.0,1153230.0,0.132
2024-07-18 13:24:45+00:00,btc_mxn,1151710.0,1153230.0,0.132
2024-07-18 13:24:46+00:00,btc_mxn,1151710.0,1153230.0,0.132
2024-07-18 13:24:47+00:00,btc_mxn,1151710.0,1153230.0,0.132
2024-07-18 13:24:48+00:00,btc_mxn,1151710.0,1153230.0,0.132
2024-07-18 13:24:49+00:00,btc_mxn,1151710.0,1153230.0,0.132
2024-07-18 13:24:50+00:00,btc_mxn,1151710.0,1153230.0,0.132
2024-07-18 13:24:51+00:00,btc_mxn,1151710.0,1153230.0,0.132
2024-07-18 13:24:52+00:00,btc_mxn,1151710.0,1153230.0,0.132
2024-07-18 13:24:53+00:00,btc_mxn,1151710.0,1153230.0,0.132
2024-07-18 13:24:54+00:00,btc_mxn,1151710.0,1153230.0,0.132
2024-07-18 13:24:55+00:00,btc_mxn,1151710.0,1153230.0,0.132
2024-07-18 13:24:56+00:00,btc_mxn,1151710.0,1153230.0,0.132
2024-07-18 13:24:57+00:00,btc_mxn,1151710.0,1153230.0,0.132
2024-07-18 13:24:58+00:00,btc_mxn,1151710.0,1153230.0,0.132
2024-07-18 13:24:59+00:00,btc_mxn,1151710.0,1153230.0,0.132
2024-07-18 13:25:00+00:00,btc_mxn,1151710.0,1153230.0,0.132
2024-07-18 13:25:01+00:00,btc_mxn,1151710.0,1153230.0,0.132
2024-07-18 13:25:02+00:00,btc_mxn,1145670.0,1153230.0,0.656
2024-07-18 13:25:03+00:00,btc_mxn,1151340.0,1153230.0,0.164
2024-07-18 13:25:04+00:00,btc_mxn,1151340.0,1153230.0,0.164
2024-07-18 13:25:05+00:00,btc_mxn,1151340.0,1153230.0,0.164
2024-07-18 13:25:06+00:00,btc_mxn,1151340.0,1153230.0,0.164
2024-07-18 13:25:07+00:00,btc_mxn,1151340.0,1153230.0,0.164
2024-07-18 13:25:08+00:00,btc_mxn,1151340.0,1153230.0,0.164
2024-07-18 13:25:09+00:00,btc_mxn,1151340.0,1153230.0,0.164
2024-07-18 13:25:10+00:00,btc_mxn,1151340.0,1153230.0,0.164
2024-07-18 13:25:11+00:00,btc_mxn,1151340.0,1153230.0,0.164
2024-07-18 13:25:12+00:00,btc_mxn,1151340.0,1153230.0,0.164
2024-07-18 13:25:13+00:00,btc_mxn,1151340.0,1153230.0,0.164
2024-07-18 13:25:14+00:00,btc_mxn,1151340.0,1152600.0,0.109
2024-07-18 13:25:15+00:00,btc_mxn,1151340.0,1152600.0,0.109
2024-07-18 13:25:16+00:00,btc_mxn,1151340.0,1152600.0,0.109
2024-07-18 13:25:17+00:00,btc_mxn,1151340.0,1152600.0,0.109
2024-07-18 13:25:18+00:00,btc_mxn,1151340.0,1152600.0,0.109
2024-07-18 13:25:19+00:00,btc_mxn,1151340.0,1152600.0,0.109
2024-07-18 13:25:20+00:00,btc_mxn,1151340.0,1152600.0,0.109
2024-07-18 13:25:21+00:00,btc_mxn,1151340.0,1152600.0,0.109
2024-07-18 13:25:22+00:00,btc_mxn,1151340.0,1152600.0,0.109
2024-07-18 13:25:23+00:00,btc_mxn,1151340.0,1152600.0,0.109
2024-07-18 13:25:24+00:00,btc_mxn,1151340.0,1152600.0,0.109
2024-07-18 13:25:25+00:00,btc_mxn,1151340.0,1153900.0,0.222
2024-07-18 13:25:26+00:00,btc_mxn,1151340.0,1153900.0,0.222
2024-07-18 13:25:27+00:00,btc_mxn,1151340.0,1153900.0,0.222
2024-07-18 13:25:28+00:00,btc_mxn,1151340.0,1153900.0,0.222
2024-07-18 13:25:29+00:00,btc_mxn,1151340.0,1153900.0,0.222
2024-07-18 13:25:30+00:00,btc_mxn,1151340.0,1153900.0,0.222
2024-07-18 13:25:31+00:00,btc_mxn,1151340.0,1153900.0,0.222
2024-07-18 13:25:32+00:00,btc_mxn,1151340.0,1153900.0,0.222
2024-07-18 13:25:33+00:00,btc_mxn,1151340.0,1153900.0,0.222
2024-07-18 13:25:34+00:00,btc_mxn,1151340.0,1153900.0,0.222
2024-07-18 13:25:35+00:00,btc_mxn,1151340.0,1153900.0,0.222
2024-07-18 13:25:36+00:00,btc_mxn,1151340.0,1153900.0,0.222
2024-07-18 13:25:37+00:00,btc_mxn,1151340.0,1153900.0,0.222
2024-07-18 13:25:38+00:00,btc_mxn,1151340.0,1153900.0,0.222
2024-07-18 13:25:39+00:00,btc_mxn,1151340.0,1153900.0,0.222
2024-07-18 13:25:40+00:00,btc_mxn,1151340.0,1153900.0,0.222
2024-07-18 13:25:41+00:00,btc_mxn,1151340.0,1153900.0,0.222
2024-07-18 13:25:42+00:00,btc_mxn,1151340.0,1153900.0,0.222
2024-07-18 13:25:43+00:00,btc_mxn,1151340.0,1153900.0,0.222
2024-07-18 13:25:44+00:00,btc_mxn,1151340.0,1153900.0,0.222
2024-07-18 13:25:45+00:00,btc_mxn,1151340.0,1153900.0,0.222
2024-07-18 13:25:46+00:00,btc_mxn,1151340.0,1153900.0,0.222
2024-07-18 13:25:48+00:00,btc_mxn,1151340.0,1153900.0,0.222
2024-07-18 13:25:49+00:00,btc_mxn,1151340.0,1153900.0,0.222
2024-07-18 13:25:50+00:00,btc_mxn,1151340.0,1153900.0,0.222
2024-07-18 13:25:51+00:00,btc_mxn,1151340.0,1153900.0,0.222
2024-07-18 13:25:52+00:00,btc_mxn,1151340.0,1153900.0,0.222
2024-07-18 13:25:53+00:00,btc_mxn,1151340.0,1153900.0,0.222
2024-07-18 13:25:54+00:00,btc_mxn,1151340.0,1153900.0,0.222
2024-07-18 13:25:55+00:00,btc_mxn,1151340.0,1153900.0,0.222
2024-07-18 13:25:56+00:00,btc_mxn,1151340.0,1153900.0,0.222
2024-07-18 13:25:57+00:00,btc_mxn,1151340.0,1153900.0,0.222
2024-07-18 13:25:58+00:00,btc_mxn,1151340.0,1153900.0,0.222
2024-07-18 13:25:59+00:00,btc_mxn,1151340.0,1153900.0,0.222
2024-07-18 13:26:00+00:00,btc_mxn,1151340.0,1153900.0,0.222
2024-07-18 13:26:01+00:00,btc_mxn,1151340.0,1153900.0,0.222
2024-07-18 13:26:02+00:00,btc_mxn,1149890.0,1153900.0,0.348
2024-07-18 13:26:03+00:00,btc_mxn,1149890.0,1153900.0,0.348
2024-07-18 13:26:04+00:00,btc_mxn,1149890.0,1153900.0,0.348
2024-07-18 13:26:05+00:00,btc_mxn,1149890.0,1153900.0,0.348
2024-07-18 13:26:06+00:00,btc_mxn,1150010.0,1153900.0,0.337
2024-07-18 13:26:07+00:00,btc_mxn,1152239.98,1152240.02,0.0
2024-07-18 13:26:08+00:00,btc_mxn,1152239.98,1152240.02,0.0
2024-07-18 13:26:09+00:00,btc_mxn,1152239.98,1152240.02,0.0
2024-07-18 13:26:10+00:00,btc_mxn,1152239.98,1152240.02,0.0
2024-07-18 13:26:11+00:00,btc_mxn,1152239.98,1152240.02,0.0
2024-07-18 13:26:12+00:00,btc_mxn,1152239.98,1152240.02,0.0
2024-07-18 13:26:13+00:00,btc_mxn,1152239.98,1152240.02,0.0
2024-07-18 13:26:14+00:00,btc_mxn,1152239.98,1152240.02,0.0
2024-07-18 13:26:15+00:00,btc_mxn,1152239.98,1152240.02,0.0
2024-07-18 13:26:16+00:00,btc_mxn,1152239.98,1152240.02,0.0
2024-07-18 13:26:17+00:00,btc_mxn,1152239.98,1152240.02,0.0
2024-07-18 13:26:18+00:00,btc_mxn,1152239.98,1152240.02,0.0
2024-07-18 13:26:19+00:00,btc_mxn,1152239.98,1152240.02,0.0
2024-07-18 13:26:20+00:00,btc_mxn,1152239.98,1152240.02,0.0
2024-07-18 13:26:21+00:00,btc_mxn,1152239.98,1152240.02,0.0
2024-07-18 13:26:22+00:00,btc_mxn,1152239.98,1152240.02,0.0
2024-07-18 13:26:23+00:00,btc_mxn,1152239.98,1152240.02,0.0
2024-07-18 13:26:24+00:00,btc_mxn,1152239.98,1152240.02,0.0
2024-07-18 13:26:25+00:00,btc_mxn,1152239.98,1152240.02,0.0
2024-07-18 13:26:26+00:00,btc_mxn,1152239.98,1152240.02,0.0
2024-07-18 13:26:28+00:00,btc_mxn,1152239.98,1152240.02,0.0
2024-07-18 13:26:29+00:00,btc_mxn,1152239.98,1152240.02,0.0
2024-07-18 13:26:30+00:00,btc_mxn,1152239.98,1152240.02,0.0
2024-07-18 13:26:31+00:00,btc_mxn,1152239.98,1152240.02,0.0
2024-07-18 13:26:32+00:00,btc_mxn,1152239.98,1152240.02,0.0
2024-07-18 13:26:33+00:00,btc_mxn,1152239.98,1152240.02,0.0
2024-07-18 13:26:34+00:00,btc_mxn,1152239.98,1152240.02,0.0
2024-07-18 13:26:35+00:00,btc_mxn,1152239.98,1152240.02,0.0
2024-07-18 13:26:36+00:00,btc_mxn,1152239.98,1152240.02,0.0
2024-07-18 13:26:37+00:00,btc_mxn,1152239.98,1152240.02,0.0
2024-07-18 13:26:38+00:00,btc_mxn,1152239.98,1152240.02,0.0
2024-07-18 13:26:39+00:00,btc_mxn,1152239.98,1152240.02,0.0
2024-07-18 13:26:40+00:00,btc_mxn,1152239.98,1152240.02,0.0
2024-07-18 13:26:41+00:00,btc_mxn,1152239.98,1152240.02,0.0
2024-07-18 13:26:42+00:00,btc_mxn,1152239.98,1152240.02,0.0
2024-07-18 13:26:43+00:00,btc_mxn,1152239.98,1152240.02,0.0
2024-07-18 13:26:44+00:00,btc_mxn,1152239.98,1152240.02,0.0
2024-07-18 13:26:45+00:00,btc_mxn,1152239.98,1152240.02,0.0
2024-07-18 13:26:46+00:00,btc_mxn,1152239.98,1152240.02,0.0
2024-07-18 13:26:47+00:00,btc_mxn,1152239.98,1152240.02,0.0
2024-07-18 13:26:48+00:00,btc_mxn,1152239.98,1152240.02,0.0
2024-07-18 13:26:49+00:00,btc_mxn,1152239.98,1152240.02,0.0
2024-07-18 13:26:50+00:00,btc_mxn,1152239.98,1152240.02,0.0
2024-07-18 13:26:51+00:00,btc_mxn,1152239.98,1152240.02,0.0
2024-07-18 13:26:52+00:00,btc_mxn,1152239.98,1152240.02,0.0
2024-07-18 13:26:53+00:00,btc_mxn,1152239.98,1152240.02,0.0
2024-07-18 13:26:54+00:00,btc_mxn,1152239.98,1152240.02,0.0
2024-07-18 13:26:55+00:00,btc_mxn,1152239.98,1152240.02,0.0
2024-07-18 13:26:56+00:00,btc_mxn,1152239.98,1152240.02,0.0
2024-07-18 13:26:57+00:00,btc_mxn,1152239.98,1152240.02,0.0
2024-07-18 13:26:58+00:00,btc_mxn,1152239.98,1152240.02,0.0
2024-07-18 13:26:59+00:00,btc_mxn,1152239.98,1152240.02,0.0
2024-07-18 13:27:00+00:00,btc_mxn,1152239.98,1152240.02,0.0
2024-07-18 13:27:01+00:00,btc_mxn,1152239.98,1152240.02,0.0
2024-07-18 13:27:02+00:00,btc_mxn,1152239.98,1152240.02,0.0
2024-07-18 13:27:03+00:00,btc_mxn,1152239.98,1152240.02,0.0
2024-07-18 13:27:04+00:00,btc_mxn,1152239.98,1152240.02,0.0
2024-07-18 13:27:05+00:00,btc_mxn,1152239.98,1152240.02,0.0
2024-07-18 13:27:06+00:00,btc_mxn,1152239.98,1152240.02,0.0
2024-07-18 13:27:07+00:00,btc_mxn,1152239.98,1152240.02,0.0
2024-07-18 13:27:08+00:00,btc_mxn,1152239.98,1152240.02,0.0
2024-07-18 13:27:09+00:00,btc_mxn,1152239.98,1152240.02,0.0
2024-07-18 13:27:10+00:00,btc_mxn,1152239.98,1152240.02,0.0
2024-07-18 13:27:11+00:00,btc_mxn,1152239.98,1152240.02,0.0
2024-07-18 13:27:12+00:00,btc_mxn,1152239.98,1152240.02,0.0
2024-07-18 13:27:13+00:00,btc_mxn,1152239.98,1152240.02,0.0
2024-07-18 13:27:14+00:00,btc_mxn,1152239.98,1152240.02,0.0
2024-07-18 13:27:15+00:00,btc_mxn,1152239.98,1152240.02,0.0
2024-07-18 13:27:16+00:00,btc_mxn,1152239.98,1152240.02,0.0
2024-07-18 13:27:17+00:00,btc_mxn,1152239.98,1152240.02,0.0
2024-07-18 13:27:18+00:00,btc_mxn,1152239.98,1152240.02,0.0
2024-07-18 13:27:20+00:00,btc_mxn,1152239.98,1152240.02,0.0
2024-07-18 13:27:21+00:00,btc_mxn,1152239.98,1152240.02,0.0
2024-07-18 13:27:22+00:00,btc_mxn,1152239.98,1152240.02,0.0
2024-07-18 13:27:23+00:00,btc_mxn,1152239.98,1152240.02,0.0
2024-07-18 13:27:24+00:00,btc_mxn,1152239.98,1152240.02,0.0
2024-07-18 13:27:25+00:00,btc_mxn,1152239.98,1152240.02,0.0
2024-07-18 13:27:26+00:00,btc_mxn,1152239.98,1152240.02,0.0
2024-07-18 13:27:27+00:00,btc_mxn,1152239.98,1152240.02,0.0
2024-07-18 13:27:28+00:00,btc_mxn,1152239.98,1152240.02,0.0
2024-07-18 13:27:29+00:00,btc_mxn,1152239.98,1152240.02,0.0
2024-07-18 13:27:30+00:00,btc_mxn,1152239.98,1152240.02,0.0
2024-07-18 13:27:31+00:00,btc_mxn,1152239.98,1152240.02,0.0
2024-07-18 13:27:32+00:00,btc_mxn,1152239.98,1152240.02,0.0
2024-07-18 13:27:33+00:00,btc_mxn,1152239.98,1152240.02,0.0
2024-07-18 13:27:34+00:00,btc_mxn,1152239.98,1152240.02,0.0
2024-07-18 13:27:35+00:00,btc_mxn,1152239.98,1152240.02,0.0
2024-07-18 13:27:36+00:00,btc_mxn,1152239.98,1152240.02,0.0
2024-07-18 13:27:37+00:00,btc_mxn,1152239.98,1152240.02,0.0
2024-07-18 13:27:38+00:00,btc_mxn,1152239.98,1152240.02,0.0
2024-07-18 13:27:39+00:00,btc_mxn,1152239.98,1152240.02,0.0
2024-07-18 13:27:40+00:00,btc_mxn,1152239.98,1152240.02,0.0
2024-07-18 13:27:41+00:00,btc_mxn,1152239.98,1152240.02,0.0
2024-07-18 13:27:42+00:00,btc_mxn,1152239.98,1152240.02,0.0
2024-07-18 13:27:43+00:00,btc_mxn,1152239.98,1152240.02,0.0
2024-07-18 13:27:44+00:00,btc_mxn,1152239.98,1152240.02,0.0
2024-07-18 13:27:45+00:00,btc_mxn,1152239.98,1152240.02,0.0
2024-07-18 13:27:46+00:00,btc_mxn,1152239.98,1152240.02,0.0
2024-07-18 13:27:47+00:00,btc_mxn,1152239.98,1152240.02,0.0
2024-07-18 13:27:48+00:00,btc_mxn,1152239.98,1152240.02,0.0
2024-07-18 13:27:49+00:00,btc_mxn,1152239.98,1152240.02,0.0
2024-07-18 13:27:50+00:00,btc_mxn,1152239.98,1152240.02,0.0
2024-07-18 13:27:51+00:00,btc_mxn,1152239.98,1152240.02,0.0
2024-07-18 13:27:52+00:00,btc_mxn,1152239.98,1152240.02,0.0
2024-07-18 13:27:53+00:00,btc_mxn,1152239.98,1152240.02,0.0
2024-07-18 13:27:54+00:00,btc_mxn,1152239.98,1152240.02,0.0
2024-07-18 13:27:55+00:00,btc_mxn,1152239.98,1152240.02,0.0
2024-07-18 13:27:56+00:00,btc_mxn,1152239.98,1152240.02,0.0
2024-07-18 13:27:57+00:00,btc_mxn,1152239.98,1152240.02,0.0
2024-07-18 13:27:58+00:00,btc_mxn,1152239.98,1152240.02,0.0
2024-07-18 13:27:59+00:00,btc_mxn,1152239.98,1152240.02,0.0
2024-07-18 13:28:00+00:00,btc_mxn,1152239.98,1152240.02,0.0
2024-07-18 13:28:01+00:00,btc_mxn,1152239.98,1152240.02,0.0
2024-07-18 13:28:03+00:00,btc_mxn,1152239.98,1152240.02,0.0
2024-07-18 13:28:04+00:00,btc_mxn,1152239.98,1152240.02,0.0
2024-07-18 13:28:05+00:00,btc_mxn,1152239.98,1152240.02,0.0
2024-07-18 13:28:06+00:00,btc_mxn,1152239.98,1152240.02,0.0
2024-07-18 13:28:07+00:00,btc_mxn,1152239.98,1152240.02,0.0
2024-07-18 13:28:08+00:00,btc_mxn,1152239.98,1152240.02,0.0
2024-07-18 13:28:09+00:00,btc_mxn,1152239.98,1152240.02,0.0
2024-07-18 13:28:10+00:00,btc_mxn,1152239.98,1152240.02,0.0
2024-07-18 13:28:11+00:00,btc_mxn,1152239.98,1152240.02,0.0
2024-07-18 13:28:12+00:00,btc_mxn,1152239.98,1152240.02,0.0
2024-07-18 13:28:13+00:00,btc_mxn,1152239.98,1152240.02,0.0
2024-07-18 13:28:14+00:00,btc_mxn,1152239.98,1152240.02,0.0
2024-07-18 13:28:15+00:00,btc_mxn,1152239.98,1152240.02,0.0
2024-07-18 13:28:16+00:00,btc_mxn,1152239.98,1152240.02,0.0
2024-07-18 13:28:17+00:00,btc_mxn,1152239.98,1152240.02,0.0
2024-07-18 13:28:18+00:00,btc_mxn,1152239.98,1152240.02,0.0
2024-07-18 13:28:19+00:00,btc_mxn,1152239.98,1152240.02,0.0
2024-07-18 13:28:20+00:00,btc_mxn,1152239.98,1152240.02,0.0
2024-07-18 13:28:21+00:00,btc_mxn,1152239.98,1152240.02,0.0
2024-07-18 13:28:22+00:00,btc_mxn,1152239.98,1152240.02,0.0
2024-07-18 13:28:23+00:00,btc_mxn,1152239.98,1152240.02,0.0
2024-07-18 13:28:24+00:00,btc_mxn,1152239.98,1152240.02,0.0
2024-07-18 13:28:25+00:00,btc_mxn,1152239.98,1152240.02,0.0
2024-07-18 13:28:26+00:00,btc_mxn,1152239.98,1152240.02,0.0
2024-07-18 13:28:27+00:00,btc_mxn,1152239.98,1152240.02,0.0
2024-07-18 13:28:28+00:00,btc_mxn,1152239.98,1152240.02,0.0
2024-07-18 13:28:29+00:00,btc_mxn,1152239.98,1152240.02,0.0
2024-07-18 13:28:30+00:00,btc_mxn,1152239.98,1152240.02,0.0
2024-07-18 13:28:31+00:00,btc_mxn,1152239.98,1152240.02,0.0
2024-07-18 13:28:32+00:00,btc_mxn,1152239.98,1152240.02,0.0
2024-07-18 13:28:33+00:00,btc_mxn,1152239.98,1152240.02,0.0
2024-07-18 13:28:34+00:00,btc_mxn,1152239.98,1152240.02,0.0
2024-07-18 13:28:35+00:00,btc_mxn,1152239.98,1152240.02,0.0
2024-07-18 13:28:36+00:00,btc_mxn,1152239.98,1152240.02,0.0
2024-07-18 13:28:37+00:00,btc_mxn,1152239.98,1152240.02,0.0
2024-07-18 13:28:38+00:00,btc_mxn,1152239.98,1152240.02,0.0
2024-07-18 13:28:39+00:00,btc_mxn,1152239.98,1152240.02,0.0
2024-07-18 13:28:40+00:00,btc_mxn,1152239.98,1152240.02,0.0
2024-07-18 13:28:41+00:00,btc_mxn,1152239.98,1152240.02,0.0
2024-07-18 13:28:42+00:00,btc_mxn,1152239.98,1152240.02,0.0
2024-07-18 13:28:43+00:00,btc_mxn,1152239.98,1152240.02,0.0
2024-07-18 13:28:44+00:00,btc_mxn,1152239.98,1152240.02,0.0
2024-07-18 13:28:45+00:00,btc_mxn,1152239.98,1152240.02,0.0
2024-07-18 13:28:46+00:00,btc_mxn,1152239.98,1152240.02,0.0
2024-07-18 13:28:48+00:00,btc_mxn,1152239.98,1152240.02,0.0
2024-07-18 13:28:49+00:00,btc_mxn,1152239.98,1152240.02,0.0
2024-07-18 13:28:50+00:00,btc_mxn,1152239.98,1152240.02,0.0
2024-07-18 13:28:51+00:00,btc_mxn,1152239.98,1152240.02,0.0
2024-07-18 13:28:52+00:00,btc_mxn,1152239.98,1152240.02,0.0
2024-07-18 13:28:53+00:00,btc_mxn,1152239.98,1152240.02,0.0
2024-07-18 13:28:54+00:00,btc_mxn,1152239.98,1152240.02,0.0
2024-07-18 13:28:55+00:00,btc_mxn,1152239.98,1152240.02,0.0
2024-07-18 13:28:56+00:00,btc_mxn,1152239.98,1152240.02,0.0
2024-07-18 13:28:57+00:00,btc_mxn,1152239.98,1152240.02,0.0
2024-07-18 13:28:58+00:00,btc_mxn,1152239.98,1152240.02,0.0
2024-07-18 13:28:59+00:00,btc_mxn,1152239.98,1152240.02,0.0
2024-07-18 13:29:00+00:00,btc_mxn,1152239.98,1152240.02,0.0
2024-07-18 13:29:01+00:00,btc_mxn,1152239.98,1152240.02,0.0
2024-07-18 13:29:02+00:00,btc_mxn,1152239.98,1152240.02,0.0
2024-07-18 13:29:03+00:00,btc_mxn,1152239.98,1152240.02,0.0
2024-07-18 13:29:04+00:00,btc_mxn,1152239.98,1152240.02,0.0
2024-07-18 13:29:05+00:00,btc_mxn,1152239.98,1152240.02,0.0
2024-07-18 13:29:06+00:00,btc_mxn,1152239.98,1152240.02,0.0
2024-07-18 13:29:07+00:00,btc_mxn,1152239.98,1152240.02,0.0
2024-07-18 13:29:08+00:00,btc_mxn,1152239.98,1152240.02,0.0
2024-07-18 13:29:09+00:00,btc_mxn,1152239.98,1152240.02,0.0
2024-07-18 13:29:10+00:00,btc_mxn,1152239.98,1152240.02,0.0
2024-07-18 13:29:11+00:00,btc_mxn,1152239.98,1152240.02,0.0
2024-07-18 13:29:12+00:00,btc_mxn,1152239.98,1152240.02,0.0
2024-07-18 13:29:13+00:00,btc_mxn,1152239.98,1152240.02,0.0
2024-07-18 13:29:14+00:00,btc_mxn,1152239.98,1152240.02,0.0
2024-07-18 13:29:15+00:00,btc_mxn,1152239.98,1152240.02,0.0
2024-07-18 13:29:16+00:00,btc_mxn,1152239.98,1152240.02,0.0
2024-07-18 13:29:17+00:00,btc_mxn,1152239.98,1152240.02,0.0
2024-07-18 13:29:18+00:00,btc_mxn,1152239.98,1152240.02,0.0
2024-07-18 13:29:20+00:00,btc_mxn,1152239.98,1152240.02,0.0
2024-07-18 13:29:21+00:00,btc_mxn,1152239.98,1152240.02,0.0
2024-07-18 13:29:22+00:00,btc_mxn,1152239.98,1152240.02,0.0
2024-07-18 13:29:23+00:00,btc_mxn,1152239.98,1152240.02,0.0
2024-07-18 13:29:24+00:00,btc_mxn,1152239.98,1152240.02,0.0
2024-07-18 13:29:25+00:00,btc_mxn,1152239.98,1152240.02,0.0
2024-07-18 13:29:26+00:00,btc_mxn,1152239.98,1152240.02,0.0
2024-07-18 13:29:27+00:00,btc_mxn,1152239.98,1152240.02,0.0
2024-07-18 13:29:28+00:00,btc_mxn,1152239.98,1152240.02,0.0
2024-07-18 13:29:29+00:00,btc_mxn,1152239.98,1152240.02,0.0
2024-07-18 13:29:30+00:00,btc_mxn,1152239.98,1152240.02,0.0
2024-07-18 13:29:31+00:00,btc_mxn,1152239.98,1152240.02,0.0
2024-07-18 13:29:32+00:00,btc_mxn,1152239.98,1152240.02,0.0
2024-07-18 13:29:33+00:00,btc_mxn,1152239.98,1152240.02,0.0
2024-07-18 13:29:34+00:00,btc_mxn,1152239.98,1152240.02,0.0
2024-07-18 13:29:35+00:00,btc_mxn,1152239.98,1152240.02,0.0
2024-07-18 13:29:36+00:00,btc_mxn,1152239.98,1152240.02,0.0
2024-07-18 13:29:37+00:00,btc_mxn,1152239.98,1152240.02,0.0
2024-07-18 13:29:38+00:00,btc_mxn,1152239.98,1152240.02,0.0
2024-07-18 13:29:39+00:00,btc_mxn,1152239.98,1152240.02,0.0
2024-07-18 13:29:40+00:00,btc_mxn,1152239.98,1152240.02,0.0
2024-07-18 13:29:41+00:00,btc_mxn,1152239.98,1152240.02,0.0
2024-07-18 13:29:42+00:00,btc_mxn,1152239.98,1152240.02,0.0
2024-07-18 13:29:43+00:00,btc_mxn,1152239.98,1152240.02,0.0
2024-07-18 13:29:44+00:00,btc_mxn,1152239.98,1152240.02,0.0
2024-07-18 13:29:45+00:00,btc_mxn,1152239.98,1152240.02,0.0
2024-07-18 13:29:46+00:00,btc_mxn,1152239.98,1152240.02,0.0
2024-07-18 13:29:47+00:00,btc_mxn,1152239.98,1152240.02,0.0
2024-07-18 13:29:48+00:00,btc_mxn,1152239.98,1152240.02,0.0
2024-07-18 13:29:49+00:00,btc_mxn,1152239.98,1152240.02,0.0
2024-07-18 13:29:50+00:00,btc_mxn,1152239.98,1152240.02,0.0
2024-07-18 13:29:51+00:00,btc_mxn,1152239.98,1152240.02,0.0
2024-07-18 13:29:52+00:00,btc_mxn,1152239.98,1152240.02,0.0
2024-07-18 13:29:53+00:00,btc_mxn,1152239.98,1152240.02,0.0
2024-07-18 13:29:54+00:00,btc_mxn,1152239.98,1152240.02,0.0
2024-07-18 13:29:55+00:00,btc_mxn,1152239.98,1152240.02,0.0
2024-07-18 13:29:56+00:00,btc_mxn,1152239.98,1152240.02,0.0
2024-07-18 13:29:57+00:00,btc_mxn,1152239.98,1152240.02,0.0
2024-07-18 13:29:58+00:00,btc_mxn,1152239.98,1152240.02,0.0
2024-07-18 13:29:59+00:00,btc_mxn,1152239.98,1152240.02,0.0
2024-07-18 13:30:00+00:00,btc_mxn,1152239.98,1152240.02,0.0
2024-07-18 13:30:01+00:00,btc_mxn,1152239.98,1152240.02,0.0
2024-07-18 13:30:02+00:00,btc_mxn,1152239.98,1152240.02,0.0
2024-07-18 13:30:03+00:00,btc_mxn,1152239.98,1152240.02,0.0
2024-07-18 13:30:04+00:00,btc_mxn,1152239.98,1152240.02,0.0
2024-07-18 13:30:05+00:00,btc_mxn,1152240.0,1152240.02,0.0
2024-07-18 13:30:06+00:00,btc_mxn,1152240.0,1152240.02,0.0
2024-07-18 13:30:07+00:00,btc_mxn,1152240.0,1152240.02,0.0
2024-07-18 13:30:08+00:00,btc_mxn,1152240.0,1152240.02,0.0
2024-07-18 13:30:09+00:00,btc_mxn,1152240.0,1152240.02,0.0
2024-07-18 13:30:10+00:00,btc_mxn,1152240.0,1152240.02,0.0
2024-07-18 13:30:11+00:00,btc_mxn,1152240.0,1152240.02,0.0
2024-07-18 13:30:13+00:00,btc_mxn,1152240.0,1152240.02,0.0
2024-07-18 13:30:14+00:00,btc_mxn,1152240.0,1152240.02,0.0
2024-07-18 13:30:15+00:00,btc_mxn,1152240.0,1152240.02,0.0
2024-07-18 13:30:16+00:00,btc_mxn,1152240.0,1152240.02,0.0
2024-07-18 13:30:17+00:00,btc_mxn,1152240.0,1152240.02,0.0
2024-07-18 13:30:18+00:00,btc_mxn,1152240.0,1152240.02,0.0
2024-07-18 13:30:19+00:00,btc_mxn,1152240.0,1152240.02,0.0
2024-07-18 13:30:20+00:00,btc_mxn,1152240.0,1152240.02,0.0
2024-07-18 13:30:21+00:00,btc_mxn,1152240.0,1152240.02,0.0
2024-07-18 13:30:22+00:00,btc_mxn,1152240.0,1152240.02,0.0
2024-07-18 13:30:23+00:00,btc_mxn,1152240.0,1152240.02,0.0
2024-07-18 13:30:24+00:00,btc_mxn,1152240.0,1152240.02,0.0
2024-07-18 13:30:25+00:00,btc_mxn,1152240.0,1152240.02,0.0
2024-07-18 13:30:26+00:00,btc_mxn,1152240.0,1152240.02,0.0
2024-07-18 13:30:27+00:00,btc_mxn,1152240.0,1152240.02,0.0
2024-07-18 13:30:28+00:00,btc_mxn,1152240.0,1152240.02,0.0
2024-07-18 13:30:29+00:00,btc_mxn,1152240.0,1152240.02,0.0
2024-07-18 13:30:30+00:00,btc_mxn,1152240.0,1152240.02,0.0
2024-07-18 13:30:31+00:00,btc_mxn,1152240.0,1152240.02,0.0
2024-07-18 13:30:32+00:00,btc_mxn,1152240.0,1152240.02,0.0
2024-07-18 13:30:33+00:00,btc_mxn,1152240.0,1152240.02,0.0
2024-07-18 13:30:34+00:00,btc_mxn,1152240.0,1152240.02,0.0
2024-07-18 13:30:35+00:00,btc_mxn,1152240.0,1152240.02,0.0
2024-07-18 13:30:36+00:00,btc_mxn,1152240.0,1152240.02,0.0
2024-07-18 13:30:37+00:00,btc_mxn,1152240.0,1152240.02,0.0
2024-07-18 13:30:38+00:00,btc_mxn,1152240.0,1152240.02,0.0
2024-07-18 13:30:39+00:00,btc_mxn,1152240.0,1152240.02,0.0
2024-07-18 13:30:40+00:00,btc_mxn,1152240.0,1152240.02,0.0
2024-07-18 13:30:41+00:00,btc_mxn,1152240.0,1152240.02,0.0
2024-07-18 13:30:42+00:00,btc_mxn,1152240.0,1152240.02,0.0
2024-07-18 13:30:43+00:00,btc_mxn,1152240.0,1152240.02,0.0
2024-07-18 13:30:44+00:00,btc_mxn,1152240.0,1152240.02,0.0
2024-07-18 13:30:45+00:00,btc_mxn,1152240.0,1152240.02,0.0
2024-07-18 13:30:46+00:00,btc_mxn,1152240.0,1152240.02,0.0
2024-07-18 13:30:47+00:00,btc_mxn,1152240.0,1152240.02,0.0
2024-07-18 13:30:48+00:00,btc_mxn,1152240.0,1152240.02,0.0
2024-07-18 13:30:49+00:00,btc_mxn,1152240.0,1152240.02,0.0
2024-07-18 13:30:51+00:00,btc_mxn,1152240.0,1152240.02,0.0
2024-07-18 13:30:52+00:00,btc_mxn,1152240.0,1152240.02,0.0
2024-07-18 13:30:53+00:00,btc_mxn,1152240.0,1152240.02,0.0
2024-07-18 13:30:54+00:00,btc_mxn,1152240.0,1152240.02,0.0
2024-07-18 13:30:55+00:00,btc_mxn,1152240.0,1152240.02,0.0
2024-07-18 13:30:56+00:00,btc_mxn,1152240.0,1152240.02,0.0
2024-07-18 13:30:57+00:00,btc_mxn,1152240.0,1152240.02,0.0
2024-07-18 13:30:58+00:00,btc_mxn,1152240.0,1152240.02,0.0
2024-07-18 13:30:59+00:00,btc_mxn,1152240.0,1152240.02,0.0
2024-07-18 13:31:00+00:00,btc_mxn,1152240.0,1152240.02,0.0
2024-07-18 13:31:01+00:00,btc_mxn,1152240.0,1152240.02,0.0
2024-07-18 13:31:02+00:00,btc_mxn,1152240.0,1152240.02,0.0
2024-07-18 13:31:03+00:00,btc_mxn,1152240.0,1152240.02,0.0
2024-07-18 13:31:04+00:00,btc_mxn,1152240.0,1152240.02,0.0
2024-07-18 13:31:05+00:00,btc_mxn,1152240.0,1152240.02,0.0
2024-07-18 13:31:06+00:00,btc_mxn,1152240.0,1152240.02,0.0
2024-07-18 13:31:07+00:00,btc_mxn,1153109.98,1153110.02,0.0
2024-07-18 13:31:08+00:00,btc_mxn,1153109.98,1153110.02,0.0
2024-07-18 13:31:09+00:00,btc_mxn,1153109.98,1153110.02,0.0
2024-07-18 13:31:10+00:00,btc_mxn,1153109.98,1153110.02,0.0
2024-07-18 13:31:11+00:00,btc_mxn,1153109.98,1153110.02,0.0
2024-07-18 13:31:12+00:00,btc_mxn,1153109.98,1153110.02,0.0
2024-07-18 13:31:13+00:00,btc_mxn,1153109.98,1153110.02,0.0
2024-07-18 13:31:14+00:00,btc_mxn,1153109.98,1153110.02,0.0
2024-07-18 13:31:15+00:00,btc_mxn,1153109.98,1153110.02,0.0
2024-07-18 13:31:16+00:00,btc_mxn,1153109.98,1153110.02,0.0
2024-07-18 13:31:17+00:00,btc_mxn,1153109.98,1153110.02,0.0
2024-07-18 13:31:18+00:00,btc_mxn,1153109.98,1153110.02,0.0
2024-07-18 13:31:19+00:00,btc_mxn,1153109.98,1153110.02,0.0
2024-07-18 13:31:20+00:00,btc_mxn,1153109.98,1153110.02,0.0
2024-07-18 13:31:21+00:00,btc_mxn,1153109.98,1153110.02,0.0
2024-07-18 13:31:22+00:00,btc_mxn,1153109.98,1153110.02,0.0
2024-07-18 13:31:23+00:00,btc_mxn,1153109.98,1153110.02,0.0
2024-07-18 13:31:24+00:00,btc_mxn,1153109.98,1153110.02,0.0
2024-07-18 13:31:25+00:00,btc_mxn,1153109.98,1153110.02,0.0
2024-07-18 13:31:26+00:00,btc_mxn,1153109.98,1153110.02,0.0
2024-07-18 13:31:27+00:00,btc_mxn,1153109.98,1153110.02,0.0
2024-07-18 13:31:28+00:00,btc_mxn,1153109.98,1153110.02,0.0
