orderbook_timestamp,book,bid,ask,spread
2024-07-17 18:57:39+00:00,btc_mxn,1139999.98,1140000.02,0.0
2024-07-17 18:57:40+00:00,btc_mxn,1139999.98,1140000.02,0.0
2024-07-17 18:57:41+00:00,btc_mxn,1139999.98,1140000.02,0.0
2024-07-17 18:57:42+00:00,btc_mxn,1139999.98,1140000.02,0.0
2024-07-17 18:57:43+00:00,btc_mxn,1139999.98,1140000.02,0.0
2024-07-17 18:57:45+00:00,btc_mxn,1139999.98,1140000.02,0.0
2024-07-17 18:57:46+00:00,btc_mxn,1139999.98,1140000.02,0.0
2024-07-17 18:57:48+00:00,btc_mxn,1139999.98,1140000.02,0.0
2024-07-17 18:57:48+00:00,btc_mxn,1139999.98,1140000.02,0.0
2024-07-17 18:57:49+00:00,btc_mxn,1139999.98,1140000.02,0.0
2024-07-17 18:57:51+00:00,btc_mxn,1139999.98,1140000.02,0.0
2024-07-17 18:57:52+00:00,btc_mxn,1139999.98,1140000.02,0.0
2024-07-17 18:57:53+00:00,btc_mxn,1139999.98,1140000.02,0.0
2024-07-17 18:57:54+00:00,btc_mxn,1139999.98,1140000.02,0.0
2024-07-17 18:57:55+00:00,btc_mxn,1139999.98,1140000.02,0.0
2024-07-17 18:57:56+00:00,btc_mxn,1139999.98,1140000.02,0.0
2024-07-17 18:57:57+00:00,btc_mxn,1139999.98,1140000.02,0.0
2024-07-17 18:57:58+00:00,btc_mxn,1139999.98,1140000.02,0.0
2024-07-17 18:57:59+00:00,btc_mxn,1139999.98,1140000.02,0.0
2024-07-17 18:58:00+00:00,btc_mxn,1139999.98,1140000.02,0.0
2024-07-17 18:58:01+00:00,btc_mxn,1139999.98,1140000.02,0.0
2024-07-17 18:58:02+00:00,btc_mxn,1139999.98,1140000.02,0.0
2024-07-17 18:58:04+00:00,btc_mxn,1139999.98,1140000.02,0.0
2024-07-17 18:58:05+00:00,btc_mxn,1139999.98,1140000.02,0.0
2024-07-17 18:58:06+00:00,btc_mxn,1139999.98,1140000.02,0.0
2024-07-17 18:58:07+00:00,btc_mxn,1139999.98,1140000.02,0.0
2024-07-17 18:58:08+00:00,btc_mxn,1139999.98,1140000.02,0.0
2024-07-17 18:58:09+00:00,btc_mxn,1139999.98,1140000.02,0.0
2024-07-17 18:58:10+00:00,btc_mxn,1139999.98,1140000.02,0.0
2024-07-17 18:58:11+00:00,btc_mxn,1139999.98,1140000.02,0.0
2024-07-17 18:58:12+00:00,btc_mxn,1139999.98,1140000.02,0.0
2024-07-17 18:58:13+00:00,btc_mxn,1139999.98,1140000.02,0.0
2024-07-17 18:58:14+00:00,btc_mxn,1139999.98,1140000.02,0.0
2024-07-17 18:58:15+00:00,btc_mxn,1139999.98,1140000.02,0.0
2024-07-17 18:58:16+00:00,btc_mxn,1139999.98,1140000.02,0.0
2024-07-17 18:58:17+00:00,btc_mxn,1139999.98,1140000.02,0.0
2024-07-17 18:58:18+00:00,btc_mxn,1139999.98,1140000.02,0.0
2024-07-17 18:58:19+00:00,btc_mxn,1139999.98,1140000.02,0.0
2024-07-17 18:58:20+00:00,btc_mxn,1139999.98,1140000.02,0.0
2024-07-17 18:58:21+00:00,btc_mxn,1139999.98,1140000.02,0.0
2024-07-17 18:58:22+00:00,btc_mxn,1139999.98,1140000.02,0.0
2024-07-17 18:58:23+00:00,btc_mxn,1139999.98,1140000.02,0.0
2024-07-17 18:58:24+00:00,btc_mxn,1139999.98,1140000.02,0.0
2024-07-17 18:58:25+00:00,btc_mxn,1139999.98,1140000.02,0.0
2024-07-17 18:58:26+00:00,btc_mxn,1139999.98,1140000.02,0.0
2024-07-17 18:58:27+00:00,btc_mxn,1139999.98,1140000.02,0.0
2024-07-17 18:58:29+00:00,btc_mxn,1139999.98,1140000.02,0.0
2024-07-17 18:58:29+00:00,btc_mxn,1139999.98,1140000.02,0.0
2024-07-17 18:58:30+00:00,btc_mxn,1139999.98,1140000.02,0.0
2024-07-17 18:58:32+00:00,btc_mxn,1139999.98,1140000.02,0.0
2024-07-17 18:58:33+00:00,btc_mxn,1139999.98,1140000.02,0.0
2024-07-17 18:58:34+00:00,btc_mxn,1139999.98,1140000.02,0.0
2024-07-17 18:58:35+00:00,btc_mxn,1139999.98,1140000.02,0.0
2024-07-17 18:58:36+00:00,btc_mxn,1139999.98,1140000.02,0.0
2024-07-17 18:58:37+00:00,btc_mxn,1139999.98,1140000.02,0.0
2024-07-17 18:58:38+00:00,btc_mxn,1139999.98,1140000.02,0.0
2024-07-17 18:58:39+00:00,btc_mxn,1139999.98,1140000.02,0.0
2024-07-17 18:58:40+00:00,btc_mxn,1139999.98,1140000.02,0.0
2024-07-17 18:58:41+00:00,btc_mxn,1139999.98,1140000.02,0.0
2024-07-17 18:58:42+00:00,btc_mxn,1139999.98,1140000.02,0.0
2024-07-17 18:58:43+00:00,btc_mxn,1139999.98,1140000.02,0.0
2024-07-17 18:58:44+00:00,btc_mxn,1139999.98,1140000.02,0.0
2024-07-17 18:58:45+00:00,btc_mxn,1139999.98,1140000.02,0.0
2024-07-17 18:58:46+00:00,btc_mxn,1139999.98,1140000.02,0.0
2024-07-17 18:58:47+00:00,btc_mxn,1139999.98,1140000.02,0.0
2024-07-17 18:58:48+00:00,btc_mxn,1139999.98,1140000.02,0.0
2024-07-17 18:58:49+00:00,btc_mxn,1139999.98,1140000.02,0.0
2024-07-17 18:58:50+00:00,btc_mxn,1139999.98,1140000.02,0.0
2024-07-17 18:58:51+00:00,btc_mxn,1139999.98,1140000.02,0.0
2024-07-17 18:58:52+00:00,btc_mxn,1139999.98,1140000.02,0.0
2024-07-17 18:58:53+00:00,btc_mxn,1139999.98,1140000.02,0.0
2024-07-17 18:58:54+00:00,btc_mxn,1139999.98,1140000.02,0.0
2024-07-17 18:58:55+00:00,btc_mxn,1139999.98,1140000.02,0.0
2024-07-17 18:58:56+00:00,btc_mxn,1139999.98,1140000.02,0.0
2024-07-17 18:58:57+00:00,btc_mxn,1139999.98,1140000.02,0.0
2024-07-17 18:58:58+00:00,btc_mxn,1139999.98,1140000.02,0.0
2024-07-17 18:58:59+00:00,btc_mxn,1139999.98,1140000.02,0.0
2024-07-17 18:59:00+00:00,btc_mxn,1139999.98,1140000.02,0.0
2024-07-17 18:59:01+00:00,btc_mxn,1139999.98,1140000.02,0.0
2024-07-17 18:59:03+00:00,btc_mxn,1139999.98,1140000.02,0.0
2024-07-17 18:59:03+00:00,btc_mxn,1139999.98,1140000.02,0.0
2024-07-17 18:59:04+00:00,btc_mxn,1139999.98,1140000.02,0.0
2024-07-17 18:59:05+00:00,btc_mxn,1139999.98,1140000.02,0.0
2024-07-17 18:59:06+00:00,btc_mxn,1139999.98,1140000.02,0.0
2024-07-17 18:59:07+00:00,btc_mxn,1139999.98,1140000.02,0.0
2024-07-17 18:59:09+00:00,btc_mxn,1139999.98,1140000.02,0.0
2024-07-17 18:59:09+00:00,btc_mxn,1139999.98,1140000.02,0.0
2024-07-17 18:59:10+00:00,btc_mxn,1139999.98,1140000.02,0.0
2024-07-17 18:59:11+00:00,btc_mxn,1139999.98,1140000.02,0.0
2024-07-17 18:59:13+00:00,btc_mxn,1139999.98,1140000.02,0.0
2024-07-17 18:59:14+00:00,btc_mxn,1139999.98,1140000.02,0.0
2024-07-17 18:59:15+00:00,btc_mxn,1139999.98,1140000.02,0.0
2024-07-17 18:59:16+00:00,btc_mxn,1139999.98,1140000.02,0.0
2024-07-17 18:59:17+00:00,btc_mxn,1139999.98,1140000.02,0.0
2024-07-17 18:59:18+00:00,btc_mxn,1139999.98,1140000.02,0.0
2024-07-17 18:59:19+00:00,btc_mxn,1139999.98,1140000.02,0.0
2024-07-17 18:59:20+00:00,btc_mxn,1139999.98,1140000.02,0.0
2024-07-17 18:59:21+00:00,btc_mxn,1139999.98,1140000.02,0.0
2024-07-17 18:59:22+00:00,btc_mxn,1139999.98,1140000.02,0.0
2024-07-17 18:59:23+00:00,btc_mxn,1139999.98,1140000.02,0.0
2024-07-17 18:59:24+00:00,btc_mxn,1139999.98,1140000.02,0.0
2024-07-17 18:59:25+00:00,btc_mxn,1139999.98,1140000.02,0.0
2024-07-17 18:59:26+00:00,btc_mxn,1139999.98,1140000.02,0.0
2024-07-17 18:59:27+00:00,btc_mxn,1139999.98,1140000.02,0.0
2024-07-17 18:59:28+00:00,btc_mxn,1139999.98,1140000.02,0.0
2024-07-17 18:59:29+00:00,btc_mxn,1139999.98,1140000.02,0.0
2024-07-17 18:59:30+00:00,btc_mxn,1139999.98,1140000.02,0.0
2024-07-17 18:59:31+00:00,btc_mxn,1139999.98,1140000.02,0.0
2024-07-17 18:59:32+00:00,btc_mxn,1139999.98,1140000.02,0.0
2024-07-17 18:59:33+00:00,btc_mxn,1139999.98,1140000.02,0.0
2024-07-17 18:59:34+00:00,btc_mxn,1139999.98,1140000.02,0.0
2024-07-17 18:59:35+00:00,btc_mxn,1139999.98,1140000.02,0.0
2024-07-17 18:59:36+00:00,btc_mxn,1139999.98,1140000.02,0.0
2024-07-17 18:59:37+00:00,btc_mxn,1139999.98,1140000.02,0.0
2024-07-17 18:59:38+00:00,btc_mxn,1139999.98,1140000.02,0.0
2024-07-17 18:59:39+00:00,btc_mxn,1139999.98,1140000.02,0.0
2024-07-17 18:59:40+00:00,btc_mxn,1139999.98,1140000.02,0.0
2024-07-17 18:59:41+00:00,btc_mxn,1139999.98,1140000.02,0.0
2024-07-17 18:59:42+00:00,btc_mxn,1139999.98,1140000.02,0.0
2024-07-17 18:59:43+00:00,btc_mxn,1139999.98,1140000.02,0.0
2024-07-17 18:59:44+00:00,btc_mxn,1139999.98,1140000.02,0.0
2024-07-17 18:59:45+00:00,btc_mxn,1139999.98,1140000.02,0.0
2024-07-17 18:59:46+00:00,btc_mxn,1139999.98,1140000.02,0.0
2024-07-17 18:59:47+00:00,btc_mxn,1139999.98,1140000.02,0.0
2024-07-17 18:59:48+00:00,btc_mxn,1139999.98,1140000.02,0.0
2024-07-17 18:59:50+00:00,btc_mxn,1139999.98,1140000.02,0.0
2024-07-17 18:59:51+00:00,btc_mxn,1139999.98,1140000.02,0.0
2024-07-17 18:59:52+00:00,btc_mxn,1139999.98,1140000.02,0.0
2024-07-17 18:59:53+00:00,btc_mxn,1139999.98,1140000.02,0.0
2024-07-17 18:59:54+00:00,btc_mxn,1139999.98,1140000.02,0.0
2024-07-17 18:59:55+00:00,btc_mxn,1139999.98,1140000.02,0.0
2024-07-17 18:59:56+00:00,btc_mxn,1139999.98,1140000.02,0.0
2024-07-17 18:59:57+00:00,btc_mxn,1139999.98,1140000.02,0.0
2024-07-17 18:59:58+00:00,btc_mxn,1139999.98,1140000.02,0.0
2024-07-17 18:59:59+00:00,btc_mxn,1139999.98,1140000.02,0.0
2024-07-17 19:00:00+00:00,btc_mxn,1139999.98,1140000.02,0.0
2024-07-17 19:00:01+00:00,btc_mxn,1140140.0,1141530.0,0.122
2024-07-17 19:00:02+00:00,btc_mxn,1140140.0,1141530.0,0.122
2024-07-17 19:00:03+00:00,btc_mxn,1140140.0,1141530.0,0.122
2024-07-17 19:00:04+00:00,btc_mxn,1140140.0,1141530.0,0.122
2024-07-17 19:00:05+00:00,btc_mxn,1140140.0,1141530.0,0.122
2024-07-17 19:00:06+00:00,btc_mxn,1140140.0,1141530.0,0.122
2024-07-17 19:00:07+00:00,btc_mxn,1140140.0,1141530.0,0.122
2024-07-17 19:00:08+00:00,btc_mxn,1140140.0,1141530.0,0.122
2024-07-17 19:00:09+00:00,btc_mxn,1140140.0,1141530.0,0.122
2024-07-17 19:00:11+00:00,btc_mxn,1140140.0,1141530.0,0.122
2024-07-17 19:00:11+00:00,btc_mxn,1140140.0,1141530.0,0.122
2024-07-17 19:00:12+00:00,btc_mxn,1140140.0,1141530.0,0.122
2024-07-17 19:00:13+00:00,btc_mxn,1140140.0,1141530.0,0.122
2024-07-17 19:00:14+00:00,btc_mxn,1140140.0,1141530.0,0.122
2024-07-17 19:00:15+00:00,btc_mxn,1140140.0,1141530.0,0.122
2024-07-17 19:00:16+00:00,btc_mxn,1140140.0,1141530.0,0.122
2024-07-17 19:00:17+00:00,btc_mxn,1140140.0,1141530.0,0.122
2024-07-17 19:00:18+00:00,btc_mxn,1140140.0,1141530.0,0.122
2024-07-17 19:00:20+00:00,btc_mxn,1140140.0,1141530.0,0.122
2024-07-17 19:00:20+00:00,btc_mxn,1140140.0,1141530.0,0.122
2024-07-17 19:00:21+00:00,btc_mxn,1140140.0,1141530.0,0.122
2024-07-17 19:00:22+00:00,btc_mxn,1140140.0,1141530.0,0.122
2024-07-17 19:00:23+00:00,btc_mxn,1140140.0,1141570.0,0.125
2024-07-17 19:00:24+00:00,btc_mxn,1140140.0,1141640.0,0.131
2024-07-17 19:00:25+00:00,btc_mxn,1140140.0,1141640.0,0.131
2024-07-17 19:00:26+00:00,btc_mxn,1140140.0,1141640.0,0.131
2024-07-17 19:00:27+00:00,btc_mxn,1140140.0,1141640.0,0.131
2024-07-17 19:00:28+00:00,btc_mxn,1140140.0,1141640.0,0.131
2024-07-17 19:00:29+00:00,btc_mxn,1140140.0,1141640.0,0.131
2024-07-17 19:00:30+00:00,btc_mxn,1140140.0,1141640.0,0.131
2024-07-17 19:00:31+00:00,btc_mxn,1140140.0,1141640.0,0.131
2024-07-17 19:00:32+00:00,btc_mxn,1140210.0,1141640.0,0.125
2024-07-17 19:00:33+00:00,btc_mxn,1140210.0,1141640.0,0.125
2024-07-17 19:00:34+00:00,btc_mxn,1140210.0,1141640.0,0.125
2024-07-17 19:00:35+00:00,btc_mxn,1141210.0,1141640.0,0.038
2024-07-17 19:00:36+00:00,btc_mxn,1141210.0,1141640.0,0.038
2024-07-17 19:00:37+00:00,btc_mxn,1141210.0,1141640.0,0.038
2024-07-17 19:00:38+00:00,btc_mxn,1141210.0,1141640.0,0.038
2024-07-17 19:00:39+00:00,btc_mxn,1141210.0,1141640.0,0.038
2024-07-17 19:00:40+00:00,btc_mxn,1141210.0,1141640.0,0.038
2024-07-17 19:00:42+00:00,btc_mxn,1141210.0,1141640.0,0.038
2024-07-17 19:00:42+00:00,btc_mxn,1141210.0,1141640.0,0.038
2024-07-17 19:00:44+00:00,btc_mxn,1141210.0,1141640.0,0.038
2024-07-17 19:00:45+00:00,btc_mxn,1141210.0,1141640.0,0.038
2024-07-17 19:00:46+00:00,btc_mxn,1141210.0,1141640.0,0.038
2024-07-17 19:00:47+00:00,btc_mxn,1141210.0,1141640.0,0.038
2024-07-17 19:00:48+00:00,btc_mxn,1141210.0,1141640.0,0.038
2024-07-17 19:00:49+00:00,btc_mxn,1141210.0,1141640.0,0.038
2024-07-17 19:00:50+00:00,btc_mxn,1141210.0,1141640.0,0.038
2024-07-17 19:00:51+00:00,btc_mxn,1141210.0,1141640.0,0.038
2024-07-17 19:00:52+00:00,btc_mxn,1141210.0,1141640.0,0.038
2024-07-17 19:00:53+00:00,btc_mxn,1141210.0,1141640.0,0.038
2024-07-17 19:00:54+00:00,btc_mxn,1141210.0,1141640.0,0.038
2024-07-17 19:00:55+00:00,btc_mxn,1141210.0,1141640.0,0.038
2024-07-17 19:00:56+00:00,btc_mxn,1141210.0,1141640.0,0.038
2024-07-17 19:00:57+00:00,btc_mxn,1141210.0,1141640.0,0.038
2024-07-17 19:00:58+00:00,btc_mxn,1141210.0,1141640.0,0.038
2024-07-17 19:01:00+00:00,btc_mxn,1141210.0,1141640.0,0.038
2024-07-17 19:01:00+00:00,btc_mxn,1141210.0,1141640.0,0.038
2024-07-17 19:01:01+00:00,btc_mxn,1141210.0,1141640.0,0.038
2024-07-17 19:01:02+00:00,btc_mxn,1141210.0,1141640.0,0.038
2024-07-17 19:01:03+00:00,btc_mxn,1141210.0,1141640.0,0.038
2024-07-17 19:01:04+00:00,btc_mxn,1141210.0,1142650.0,0.126
2024-07-17 19:01:05+00:00,btc_mxn,1141210.0,1142670.0,0.128
2024-07-17 19:01:06+00:00,btc_mxn,1141210.0,1142670.0,0.128
2024-07-17 19:01:07+00:00,btc_mxn,1141210.0,1142670.0,0.128
2024-07-17 19:01:08+00:00,btc_mxn,1141210.0,1142670.0,0.128
2024-07-17 19:01:09+00:00,btc_mxn,1141210.0,1142670.0,0.128
2024-07-17 19:01:10+00:00,btc_mxn,1141210.0,1142670.0,0.128
2024-07-17 19:01:11+00:00,btc_mxn,1141210.0,1142670.0,0.128
2024-07-17 19:01:12+00:00,btc_mxn,1141210.0,1142670.0,0.128
2024-07-17 19:01:13+00:00,btc_mxn,1141210.0,1142670.0,0.128
2024-07-17 19:01:14+00:00,btc_mxn,1141210.0,1142670.0,0.128
2024-07-17 19:01:15+00:00,btc_mxn,1141210.0,1142670.0,0.128
2024-07-17 19:01:16+00:00,btc_mxn,1140420.0,1142670.0,0.197
2024-07-17 19:01:17+00:00,btc_mxn,1140420.0,1142670.0,0.197
2024-07-17 19:01:18+00:00,btc_mxn,1140420.0,1142670.0,0.197
2024-07-17 19:01:19+00:00,btc_mxn,1140420.0,1142670.0,0.197
2024-07-17 19:01:21+00:00,btc_mxn,1140210.0,1142670.0,0.215
2024-07-17 19:01:22+00:00,btc_mxn,1140430.0,1142670.0,0.196
2024-07-17 19:01:22+00:00,btc_mxn,1140430.0,1142670.0,0.196
2024-07-17 19:01:23+00:00,btc_mxn,1140430.0,1142670.0,0.196
2024-07-17 19:01:24+00:00,btc_mxn,1140430.0,1142670.0,0.196
2024-07-17 19:01:25+00:00,btc_mxn,1140430.0,1142670.0,0.196
2024-07-17 19:01:27+00:00,btc_mxn,1140430.0,1142670.0,0.196
2024-07-17 19:01:28+00:00,btc_mxn,1140430.0,1142670.0,0.196
2024-07-17 19:01:29+00:00,btc_mxn,1140430.0,1142670.0,0.196
2024-07-17 19:01:30+00:00,btc_mxn,1140430.0,1142670.0,0.196
2024-07-17 19:01:31+00:00,btc_mxn,1140430.0,1142670.0,0.196
2024-07-17 19:01:32+00:00,btc_mxn,1140430.0,1142670.0,0.196
2024-07-17 19:01:33+00:00,btc_mxn,1140430.0,1142670.0,0.196
2024-07-17 19:01:34+00:00,btc_mxn,1140430.0,1142670.0,0.196
2024-07-17 19:01:35+00:00,btc_mxn,1140430.0,1142670.0,0.196
2024-07-17 19:01:36+00:00,btc_mxn,1140430.0,1142670.0,0.196
2024-07-17 19:01:37+00:00,btc_mxn,1140430.0,1142670.0,0.196
2024-07-17 19:01:38+00:00,btc_mxn,1140430.0,1142670.0,0.196
2024-07-17 19:01:39+00:00,btc_mxn,1140430.0,1142670.0,0.196
2024-07-17 19:01:40+00:00,btc_mxn,1140430.0,1142670.0,0.196
2024-07-17 19:01:41+00:00,btc_mxn,1140430.0,1142670.0,0.196
2024-07-17 19:01:42+00:00,btc_mxn,1140430.0,1142670.0,0.196
2024-07-17 19:01:43+00:00,btc_mxn,1140430.0,1142670.0,0.196
2024-07-17 19:01:44+00:00,btc_mxn,1140430.0,1142670.0,0.196
2024-07-17 19:01:45+00:00,btc_mxn,1140430.0,1142670.0,0.196
2024-07-17 19:01:46+00:00,btc_mxn,1140430.0,1142670.0,0.196
2024-07-17 19:01:47+00:00,btc_mxn,1140430.0,1142670.0,0.196
2024-07-17 19:01:48+00:00,btc_mxn,1140430.0,1142670.0,0.196
2024-07-17 19:01:49+00:00,btc_mxn,1140430.0,1142670.0,0.196
2024-07-17 19:01:50+00:00,btc_mxn,1140430.0,1142670.0,0.196
2024-07-17 19:01:51+00:00,btc_mxn,1140430.0,1142670.0,0.196
2024-07-17 19:01:52+00:00,btc_mxn,1140430.0,1142670.0,0.196
2024-07-17 19:01:54+00:00,btc_mxn,1140430.0,1142670.0,0.196
2024-07-17 19:01:54+00:00,btc_mxn,1140430.0,1142670.0,0.196
2024-07-17 19:01:55+00:00,btc_mxn,1140430.0,1142670.0,0.196
2024-07-17 19:01:57+00:00,btc_mxn,1140430.0,1142670.0,0.196
2024-07-17 19:01:57+00:00,btc_mxn,1140430.0,1142670.0,0.196
2024-07-17 19:01:58+00:00,btc_mxn,1140430.0,1142670.0,0.196
2024-07-17 19:01:59+00:00,btc_mxn,1140430.0,1142670.0,0.196
2024-07-17 19:02:00+00:00,btc_mxn,1140430.0,1142670.0,0.196
2024-07-17 19:02:01+00:00,btc_mxn,1140210.0,1142670.0,0.215
2024-07-17 19:02:02+00:00,btc_mxn,1140210.0,1142670.0,0.215
2024-07-17 19:02:03+00:00,btc_mxn,1140210.0,1142670.0,0.215
2024-07-17 19:02:04+00:00,btc_mxn,1140210.0,1142580.0,0.207
2024-07-17 19:02:05+00:00,btc_mxn,1140210.0,1142560.0,0.206
2024-07-17 19:02:06+00:00,btc_mxn,1141230.0,1142560.0,0.116
2024-07-17 19:02:07+00:00,btc_mxn,1141230.0,1142560.0,0.116
2024-07-17 19:02:08+00:00,btc_mxn,1141230.0,1142560.0,0.116
2024-07-17 19:02:09+00:00,btc_mxn,1141289.98,1141290.02,0.0
2024-07-17 19:02:10+00:00,btc_mxn,1141289.98,1141290.02,0.0
2024-07-17 19:02:11+00:00,btc_mxn,1141289.98,1141290.02,0.0
2024-07-17 19:02:12+00:00,btc_mxn,1141289.98,1141290.02,0.0
2024-07-17 19:02:13+00:00,btc_mxn,1141289.98,1141290.02,0.0
2024-07-17 19:02:14+00:00,btc_mxn,1141289.98,1141290.02,0.0
2024-07-17 19:02:15+00:00,btc_mxn,1141289.98,1141290.02,0.0
2024-07-17 19:02:16+00:00,btc_mxn,1141289.98,1141290.02,0.0
2024-07-17 19:02:17+00:00,btc_mxn,1141290.0,1141290.02,0.0
2024-07-17 19:02:18+00:00,btc_mxn,1141290.0,1141290.02,0.0
2024-07-17 19:02:19+00:00,btc_mxn,1141290.0,1141290.02,0.0
2024-07-17 19:02:20+00:00,btc_mxn,1141290.0,1141290.02,0.0
2024-07-17 19:02:21+00:00,btc_mxn,1141290.0,1141290.02,0.0
2024-07-17 19:02:22+00:00,btc_mxn,1141289.98,1141290.02,0.0
2024-07-17 19:02:23+00:00,btc_mxn,1141289.98,1141290.02,0.0
2024-07-17 19:02:24+00:00,btc_mxn,1141289.98,1141290.02,0.0
2024-07-17 19:02:25+00:00,btc_mxn,1141289.98,1141290.02,0.0
2024-07-17 19:02:26+00:00,btc_mxn,1141289.98,1141290.02,0.0
2024-07-17 19:02:27+00:00,btc_mxn,1141289.98,1141290.02,0.0
2024-07-17 19:02:28+00:00,btc_mxn,1141289.98,1141290.02,0.0
2024-07-17 19:02:29+00:00,btc_mxn,1141289.98,1141290.02,0.0
2024-07-17 19:02:31+00:00,btc_mxn,1141289.98,1141290.02,0.0
2024-07-17 19:02:32+00:00,btc_mxn,1141289.98,1141290.02,0.0
2024-07-17 19:02:33+00:00,btc_mxn,1141289.98,1141290.02,0.0
2024-07-17 19:02:34+00:00,btc_mxn,1141289.98,1141290.02,0.0
2024-07-17 19:02:36+00:00,btc_mxn,1141289.98,1141290.02,0.0
2024-07-17 19:02:36+00:00,btc_mxn,1141289.98,1141290.02,0.0
2024-07-17 19:02:37+00:00,btc_mxn,1141289.98,1141290.02,0.0
2024-07-17 19:02:38+00:00,btc_mxn,1141289.98,1141290.02,0.0
2024-07-17 19:02:39+00:00,btc_mxn,1141289.98,1141290.02,0.0
2024-07-17 19:02:40+00:00,btc_mxn,1141289.98,1141290.02,0.0
2024-07-17 19:02:41+00:00,btc_mxn,1141289.98,1141290.02,0.0
2024-07-17 19:02:42+00:00,btc_mxn,1141289.98,1141290.02,0.0
2024-07-17 19:02:43+00:00,btc_mxn,1141289.98,1141290.02,0.0
2024-07-17 19:02:44+00:00,btc_mxn,1141289.98,1141290.02,0.0
2024-07-17 19:02:46+00:00,btc_mxn,1141289.98,1141290.02,0.0
2024-07-17 19:02:47+00:00,btc_mxn,1141289.98,1141290.02,0.0
2024-07-17 19:02:48+00:00,btc_mxn,1141289.98,1141290.02,0.0
2024-07-17 19:02:48+00:00,btc_mxn,1141289.98,1141290.02,0.0
2024-07-17 19:02:51+00:00,btc_mxn,1141289.98,1141290.02,0.0
2024-07-17 19:02:51+00:00,btc_mxn,1141289.98,1141290.02,0.0
2024-07-17 19:02:53+00:00,btc_mxn,1141289.98,1141290.02,0.0
2024-07-17 19:02:54+00:00,btc_mxn,1141289.98,1141290.02,0.0
2024-07-17 19:02:55+00:00,btc_mxn,1141289.98,1141290.02,0.0
2024-07-17 19:02:56+00:00,btc_mxn,1141289.98,1141290.02,0.0
2024-07-17 19:02:57+00:00,btc_mxn,1141289.98,1141290.02,0.0
2024-07-17 19:02:58+00:00,btc_mxn,1141289.98,1141290.02,0.0
2024-07-17 19:02:59+00:00,btc_mxn,1141289.98,1141290.02,0.0
2024-07-17 19:03:00+00:00,btc_mxn,1141289.98,1141290.02,0.0
2024-07-17 19:03:01+00:00,btc_mxn,1141289.98,1141290.02,0.0
2024-07-17 19:03:02+00:00,btc_mxn,1141289.98,1141290.02,0.0
2024-07-17 19:03:03+00:00,btc_mxn,1141289.98,1141290.02,0.0
2024-07-17 19:03:04+00:00,btc_mxn,1141289.98,1141290.02,0.0
2024-07-17 19:03:05+00:00,btc_mxn,1141289.98,1141290.02,0.0
2024-07-17 19:03:06+00:00,btc_mxn,1141289.98,1141290.02,0.0
2024-07-17 19:03:07+00:00,btc_mxn,1141289.98,1141290.02,0.0
2024-07-17 19:03:08+00:00,btc_mxn,1141289.98,1141290.02,0.0
2024-07-17 19:03:09+00:00,btc_mxn,1141289.98,1141290.02,0.0
2024-07-17 19:03:10+00:00,btc_mxn,1141289.98,1141290.02,0.0
2024-07-17 19:03:11+00:00,btc_mxn,1141289.98,1141290.02,0.0
2024-07-17 19:03:12+00:00,btc_mxn,1141289.98,1141290.02,0.0
2024-07-17 19:03:13+00:00,btc_mxn,1141289.98,1141290.02,0.0
2024-07-17 19:03:14+00:00,btc_mxn,1141289.98,1141290.02,0.0
2024-07-17 19:03:15+00:00,btc_mxn,1141289.98,1141290.02,0.0
2024-07-17 19:03:16+00:00,btc_mxn,1141289.98,1141290.02,0.0
2024-07-17 19:03:17+00:00,btc_mxn,1141289.98,1141290.02,0.0
2024-07-17 19:03:18+00:00,btc_mxn,1141289.98,1141290.02,0.0
2024-07-17 19:03:19+00:00,btc_mxn,1141289.98,1141290.02,0.0
2024-07-17 19:03:20+00:00,btc_mxn,1141289.98,1141290.02,0.0
2024-07-17 19:03:21+00:00,btc_mxn,1141289.98,1141290.02,0.0
2024-07-17 19:03:22+00:00,btc_mxn,1141289.98,1141290.02,0.0
2024-07-17 19:03:23+00:00,btc_mxn,1141289.98,1141290.02,0.0
2024-07-17 19:03:24+00:00,btc_mxn,1141289.98,1141290.02,0.0
2024-07-17 19:03:25+00:00,btc_mxn,1141289.98,1141290.02,0.0
2024-07-17 19:03:26+00:00,btc_mxn,1141289.98,1141290.02,0.0
2024-07-17 19:03:27+00:00,btc_mxn,1141289.98,1141290.02,0.0
2024-07-17 19:03:28+00:00,btc_mxn,1141289.98,1141290.02,0.0
2024-07-17 19:03:29+00:00,btc_mxn,1141289.98,1141290.02,0.0
2024-07-17 19:03:30+00:00,btc_mxn,1141289.98,1141290.02,0.0
2024-07-17 19:03:31+00:00,btc_mxn,1141289.98,1141290.02,0.0
2024-07-17 19:03:32+00:00,btc_mxn,1141289.98,1141290.02,0.0
2024-07-17 19:03:33+00:00,btc_mxn,1141289.98,1141290.02,0.0
2024-07-17 19:03:34+00:00,btc_mxn,1141289.98,1141290.02,0.0
2024-07-17 19:03:35+00:00,btc_mxn,1141289.98,1141290.02,0.0
2024-07-17 19:03:36+00:00,btc_mxn,1141289.98,1141290.02,0.0
2024-07-17 19:03:37+00:00,btc_mxn,1141289.98,1141290.02,0.0
2024-07-17 19:03:38+00:00,btc_mxn,1141289.98,1141290.02,0.0
2024-07-17 19:03:39+00:00,btc_mxn,1141289.98,1141290.02,0.0
2024-07-17 19:03:40+00:00,btc_mxn,1141289.98,1141290.02,0.0
2024-07-17 19:03:41+00:00,btc_mxn,1141289.98,1141290.02,0.0
2024-07-17 19:03:42+00:00,btc_mxn,1141289.98,1141290.02,0.0
2024-07-17 19:03:43+00:00,btc_mxn,1141289.98,1141290.02,0.0
2024-07-17 19:03:44+00:00,btc_mxn,1141289.98,1141290.02,0.0
2024-07-17 19:03:45+00:00,btc_mxn,1141289.98,1141290.02,0.0
2024-07-17 19:03:46+00:00,btc_mxn,1141289.98,1141290.02,0.0
2024-07-17 19:03:47+00:00,btc_mxn,1141289.98,1141290.02,0.0
2024-07-17 19:03:48+00:00,btc_mxn,1141289.98,1141290.02,0.0
2024-07-17 19:03:49+00:00,btc_mxn,1141289.98,1141290.02,0.0
2024-07-17 19:03:50+00:00,btc_mxn,1141289.98,1141290.02,0.0
2024-07-17 19:03:51+00:00,btc_mxn,1141289.98,1141290.02,0.0
2024-07-17 19:03:52+00:00,btc_mxn,1141289.98,1141290.02,0.0
2024-07-17 19:03:53+00:00,btc_mxn,1141289.98,1141290.02,0.0
2024-07-17 19:03:54+00:00,btc_mxn,1141289.98,1141290.02,0.0
2024-07-17 19:03:55+00:00,btc_mxn,1141289.98,1141290.02,0.0
2024-07-17 19:03:56+00:00,btc_mxn,1141289.98,1141290.02,0.0
2024-07-17 19:03:57+00:00,btc_mxn,1141289.98,1141290.02,0.0
2024-07-17 19:03:58+00:00,btc_mxn,1141289.98,1141290.02,0.0
2024-07-17 19:04:00+00:00,btc_mxn,1141289.98,1141290.02,0.0
2024-07-17 19:04:00+00:00,btc_mxn,1141289.98,1141290.02,0.0
2024-07-17 19:04:01+00:00,btc_mxn,1141289.98,1141290.02,0.0
2024-07-17 19:04:02+00:00,btc_mxn,1141289.98,1141290.02,0.0
2024-07-17 19:04:04+00:00,btc_mxn,1141289.98,1141290.02,0.0
2024-07-17 19:04:04+00:00,btc_mxn,1141289.98,1141290.02,0.0
2024-07-17 19:04:06+00:00,btc_mxn,1141289.98,1141290.02,0.0
2024-07-17 19:04:07+00:00,btc_mxn,1141289.98,1141290.02,0.0
2024-07-17 19:04:08+00:00,btc_mxn,1141289.98,1141290.02,0.0
2024-07-17 19:04:09+00:00,btc_mxn,1141289.98,1141290.02,0.0
2024-07-17 19:04:10+00:00,btc_mxn,1141289.98,1141290.02,0.0
2024-07-17 19:04:11+00:00,btc_mxn,1141289.98,1141290.02,0.0
2024-07-17 19:04:12+00:00,btc_mxn,1141289.98,1141290.02,0.0
2024-07-17 19:04:13+00:00,btc_mxn,1141289.98,1141290.02,0.0
2024-07-17 19:04:14+00:00,btc_mxn,1141289.98,1141290.02,0.0
2024-07-17 19:04:15+00:00,btc_mxn,1141289.98,1141290.02,0.0
2024-07-17 19:04:16+00:00,btc_mxn,1141289.98,1141290.02,0.0
2024-07-17 19:04:17+00:00,btc_mxn,1141289.98,1141290.02,0.0
2024-07-17 19:04:18+00:00,btc_mxn,1141289.98,1141290.02,0.0
2024-07-17 19:04:19+00:00,btc_mxn,1141289.98,1141290.02,0.0
2024-07-17 19:04:20+00:00,btc_mxn,1141289.98,1141290.02,0.0
2024-07-17 19:04:21+00:00,btc_mxn,1141289.98,1141290.02,0.0
2024-07-17 19:04:22+00:00,btc_mxn,1141289.98,1141290.02,0.0
2024-07-17 19:04:23+00:00,btc_mxn,1141289.98,1141290.02,0.0
2024-07-17 19:04:25+00:00,btc_mxn,1141289.98,1141290.02,0.0
2024-07-17 19:04:26+00:00,btc_mxn,1141289.98,1141290.02,0.0
2024-07-17 19:04:27+00:00,btc_mxn,1141289.98,1141290.02,0.0
2024-07-17 19:04:28+00:00,btc_mxn,1141289.98,1141290.02,0.0
2024-07-17 19:04:29+00:00,btc_mxn,1141289.98,1141290.02,0.0
2024-07-17 19:04:30+00:00,btc_mxn,1141289.98,1141290.02,0.0
2024-07-17 19:04:31+00:00,btc_mxn,1141289.98,1141290.02,0.0
2024-07-17 19:04:32+00:00,btc_mxn,1141289.98,1141290.02,0.0
2024-07-17 19:04:33+00:00,btc_mxn,1141289.98,1141290.02,0.0
2024-07-17 19:04:34+00:00,btc_mxn,1141289.98,1141290.02,0.0
2024-07-17 19:04:35+00:00,btc_mxn,1141289.98,1141290.02,0.0
2024-07-17 19:04:36+00:00,btc_mxn,1141289.98,1141290.02,0.0
2024-07-17 19:04:37+00:00,btc_mxn,1141289.98,1141290.02,0.0
2024-07-17 19:04:38+00:00,btc_mxn,1141289.98,1141290.02,0.0
2024-07-17 19:04:39+00:00,btc_mxn,1141289.98,1141290.02,0.0
2024-07-17 19:04:40+00:00,btc_mxn,1141289.98,1141290.02,0.0
2024-07-17 19:04:41+00:00,btc_mxn,1141289.98,1141290.02,0.0
2024-07-17 19:04:43+00:00,btc_mxn,1141289.98,1141290.02,0.0
2024-07-17 19:04:43+00:00,btc_mxn,1141289.98,1141290.02,0.0
2024-07-17 19:04:44+00:00,btc_mxn,1141289.98,1141290.02,0.0
2024-07-17 19:04:45+00:00,btc_mxn,1141289.98,1141290.02,0.0
2024-07-17 19:04:47+00:00,btc_mxn,1141289.98,1141290.02,0.0
2024-07-17 19:04:48+00:00,btc_mxn,1141289.98,1141290.02,0.0
2024-07-17 19:04:49+00:00,btc_mxn,1141289.98,1141290.02,0.0
2024-07-17 19:04:50+00:00,btc_mxn,1141289.98,1141290.02,0.0
2024-07-17 19:04:51+00:00,btc_mxn,1141289.98,1141290.02,0.0
2024-07-17 19:04:52+00:00,btc_mxn,1141289.98,1141290.02,0.0
2024-07-17 19:04:53+00:00,btc_mxn,1141289.98,1141290.02,0.0
2024-07-17 19:04:54+00:00,btc_mxn,1141289.98,1141290.02,0.0
2024-07-17 19:04:55+00:00,btc_mxn,1141289.98,1141290.02,0.0
2024-07-17 19:04:56+00:00,btc_mxn,1141289.98,1141290.02,0.0
2024-07-17 19:04:57+00:00,btc_mxn,1141289.98,1141290.02,0.0
2024-07-17 19:04:58+00:00,btc_mxn,1141289.98,1141290.02,0.0
2024-07-17 19:04:59+00:00,btc_mxn,1141289.98,1141290.02,0.0
2024-07-17 19:05:00+00:00,btc_mxn,1141289.98,1141290.02,0.0
2024-07-17 19:05:01+00:00,btc_mxn,1141289.98,1141290.02,0.0
2024-07-17 19:05:02+00:00,btc_mxn,1141289.98,1141290.02,0.0
2024-07-17 19:05:03+00:00,btc_mxn,1141289.98,1141290.02,0.0
2024-07-17 19:05:04+00:00,btc_mxn,1141289.98,1141290.02,0.0
2024-07-17 19:05:05+00:00,btc_mxn,1141289.98,1141290.02,0.0
2024-07-17 19:05:06+00:00,btc_mxn,1141289.98,1141290.02,0.0
2024-07-17 19:05:07+00:00,btc_mxn,1141289.98,1141290.02,0.0
2024-07-17 19:05:08+00:00,btc_mxn,1141289.98,1141290.02,0.0
2024-07-17 19:05:09+00:00,btc_mxn,1141289.98,1141290.02,0.0
2024-07-17 19:05:11+00:00,btc_mxn,1141289.98,1141290.02,0.0
2024-07-17 19:05:12+00:00,btc_mxn,1141289.98,1141290.02,0.0
2024-07-17 19:05:13+00:00,btc_mxn,1141289.98,1141290.02,0.0
2024-07-17 19:05:14+00:00,btc_mxn,1141289.98,1141290.02,0.0
2024-07-17 19:05:15+00:00,btc_mxn,1141289.98,1141290.02,0.0
2024-07-17 19:05:16+00:00,btc_mxn,1141289.98,1141290.02,0.0
2024-07-17 19:05:17+00:00,btc_mxn,1141289.98,1141290.02,0.0
2024-07-17 19:05:18+00:00,btc_mxn,1141289.98,1141290.02,0.0
2024-07-17 19:05:19+00:00,btc_mxn,1141289.98,1141290.02,0.0
2024-07-17 19:05:20+00:00,btc_mxn,1141289.98,1141290.02,0.0
2024-07-17 19:05:21+00:00,btc_mxn,1141289.98,1141290.02,0.0
2024-07-17 19:05:22+00:00,btc_mxn,1141289.98,1141290.02,0.0
2024-07-17 19:05:23+00:00,btc_mxn,1141289.98,1141290.02,0.0
2024-07-17 19:05:24+00:00,btc_mxn,1141289.98,1141290.02,0.0
2024-07-17 19:05:25+00:00,btc_mxn,1141289.98,1141290.02,0.0
2024-07-17 19:05:26+00:00,btc_mxn,1141289.98,1141290.02,0.0
2024-07-17 19:05:27+00:00,btc_mxn,1141289.98,1141290.02,0.0
2024-07-17 19:05:28+00:00,btc_mxn,1141289.98,1141290.02,0.0
2024-07-17 19:05:29+00:00,btc_mxn,1141289.98,1141290.02,0.0
2024-07-17 19:05:30+00:00,btc_mxn,1141289.98,1141290.02,0.0
2024-07-17 19:05:31+00:00,btc_mxn,1141289.98,1141290.02,0.0
2024-07-17 19:05:32+00:00,btc_mxn,1141289.98,1141290.02,0.0
2024-07-17 19:05:33+00:00,btc_mxn,1141289.98,1141290.02,0.0
2024-07-17 19:05:34+00:00,btc_mxn,1141289.98,1141290.02,0.0
2024-07-17 19:05:35+00:00,btc_mxn,1141289.98,1141290.02,0.0
2024-07-17 19:05:36+00:00,btc_mxn,1141289.98,1141290.02,0.0
2024-07-17 19:05:37+00:00,btc_mxn,1141289.98,1141290.02,0.0
2024-07-17 19:05:38+00:00,btc_mxn,1141289.98,1141290.02,0.0
2024-07-17 19:05:39+00:00,btc_mxn,1141289.98,1141290.02,0.0
2024-07-17 19:05:40+00:00,btc_mxn,1141289.98,1141290.02,0.0
2024-07-17 19:05:42+00:00,btc_mxn,1141289.98,1141290.02,0.0
2024-07-17 19:05:43+00:00,btc_mxn,1141289.98,1141290.02,0.0
2024-07-17 19:05:44+00:00,btc_mxn,1141289.98,1141290.02,0.0
2024-07-17 19:05:45+00:00,btc_mxn,1141289.98,1141290.02,0.0
2024-07-17 19:05:47+00:00,btc_mxn,1141289.98,1141290.02,0.0
2024-07-17 19:05:48+00:00,btc_mxn,1141289.98,1141290.02,0.0
2024-07-17 19:05:49+00:00,btc_mxn,1141289.98,1141290.02,0.0
2024-07-17 19:05:50+00:00,btc_mxn,1141289.98,1141290.02,0.0
2024-07-17 19:05:51+00:00,btc_mxn,1141289.98,1141290.02,0.0
2024-07-17 19:05:52+00:00,btc_mxn,1141289.98,1141290.02,0.0
2024-07-17 19:05:53+00:00,btc_mxn,1141289.98,1141290.02,0.0
2024-07-17 19:05:54+00:00,btc_mxn,1141289.98,1141290.02,0.0
2024-07-17 19:05:55+00:00,btc_mxn,1141289.98,1141290.02,0.0
2024-07-17 19:05:56+00:00,btc_mxn,1141289.98,1141290.02,0.0
2024-07-17 19:05:57+00:00,btc_mxn,1141289.98,1141290.02,0.0
2024-07-17 19:05:58+00:00,btc_mxn,1141289.98,1141290.02,0.0
2024-07-17 19:05:59+00:00,btc_mxn,1141289.98,1141290.02,0.0
2024-07-17 19:06:00+00:00,btc_mxn,1141289.98,1141290.02,0.0
2024-07-17 19:06:01+00:00,btc_mxn,1141289.98,1141290.02,0.0
2024-07-17 19:06:02+00:00,btc_mxn,1141289.98,1141290.02,0.0
2024-07-17 19:06:03+00:00,btc_mxn,1141289.98,1141290.02,0.0
2024-07-17 19:06:04+00:00,btc_mxn,1141289.98,1141290.02,0.0
2024-07-17 19:06:05+00:00,btc_mxn,1141289.98,1141290.02,0.0
2024-07-17 19:06:06+00:00,btc_mxn,1141289.98,1141290.02,0.0
2024-07-17 19:06:07+00:00,btc_mxn,1141289.98,1141290.02,0.0
2024-07-17 19:06:08+00:00,btc_mxn,1141289.98,1141290.02,0.0
2024-07-17 19:06:09+00:00,btc_mxn,1141289.98,1141290.02,0.0
2024-07-17 19:06:10+00:00,btc_mxn,1141289.98,1141290.02,0.0
2024-07-17 19:06:11+00:00,btc_mxn,1141289.98,1141290.02,0.0
2024-07-17 19:06:12+00:00,btc_mxn,1141289.98,1141290.02,0.0
2024-07-17 19:06:13+00:00,btc_mxn,1141289.98,1141290.02,0.0
2024-07-17 19:06:14+00:00,btc_mxn,1141289.98,1141290.02,0.0
2024-07-17 19:06:15+00:00,btc_mxn,1141289.98,1141290.02,0.0
2024-07-17 19:06:16+00:00,btc_mxn,1141289.98,1141290.02,0.0
2024-07-17 19:06:17+00:00,btc_mxn,1141289.98,1141290.02,0.0
2024-07-17 19:06:18+00:00,btc_mxn,1141289.98,1141290.02,0.0
2024-07-17 19:06:19+00:00,btc_mxn,1141289.98,1141290.02,0.0
2024-07-17 19:06:20+00:00,btc_mxn,1141289.98,1141290.02,0.0
2024-07-17 19:06:21+00:00,btc_mxn,1141289.98,1141290.02,0.0
2024-07-17 19:06:22+00:00,btc_mxn,1141289.98,1141290.02,0.0
2024-07-17 19:06:23+00:00,btc_mxn,1141289.98,1141290.02,0.0
2024-07-17 19:06:24+00:00,btc_mxn,1141289.98,1141290.02,0.0
2024-07-17 19:06:25+00:00,btc_mxn,1141289.98,1141290.02,0.0
2024-07-17 19:06:26+00:00,btc_mxn,1141289.98,1141290.02,0.0
2024-07-17 19:06:28+00:00,btc_mxn,1141289.98,1141290.02,0.0
2024-07-17 19:06:29+00:00,btc_mxn,1141289.98,1141290.02,0.0
2024-07-17 19:06:30+00:00,btc_mxn,1141289.98,1141290.02,0.0
2024-07-17 19:06:31+00:00,btc_mxn,1141289.98,1141290.02,0.0
2024-07-17 19:06:33+00:00,btc_mxn,1141289.98,1141290.02,0.0
2024-07-17 19:06:33+00:00,btc_mxn,1141289.98,1141290.02,0.0
2024-07-17 19:06:34+00:00,btc_mxn,1141289.98,1141290.02,0.0
2024-07-17 19:06:35+00:00,btc_mxn,1141289.98,1141290.02,0.0
2024-07-17 19:06:36+00:00,btc_mxn,1141289.98,1141290.02,0.0
2024-07-17 19:06:37+00:00,btc_mxn,1141289.98,1141290.02,0.0
2024-07-17 19:06:38+00:00,btc_mxn,1141289.98,1141290.02,0.0
2024-07-17 19:06:39+00:00,btc_mxn,1141289.98,1141290.02,0.0
2024-07-17 19:06:40+00:00,btc_mxn,1141289.98,1141290.02,0.0
2024-07-17 19:06:41+00:00,btc_mxn,1141289.98,1141290.02,0.0
2024-07-17 19:06:42+00:00,btc_mxn,1141289.98,1141290.02,0.0
2024-07-17 19:06:43+00:00,btc_mxn,1141289.98,1141290.02,0.0
2024-07-17 19:06:44+00:00,btc_mxn,1141289.98,1141290.02,0.0
2024-07-17 19:06:45+00:00,btc_mxn,1141289.98,1141290.02,0.0
2024-07-17 19:06:47+00:00,btc_mxn,1141289.98,1141290.02,0.0
2024-07-17 19:06:47+00:00,btc_mxn,1141289.98,1141290.02,0.0
2024-07-17 19:06:48+00:00,btc_mxn,1141289.98,1141290.02,0.0
2024-07-17 19:06:50+00:00,btc_mxn,1141289.98,1141290.02,0.0
2024-07-17 19:06:51+00:00,btc_mxn,1141289.98,1141290.02,0.0
2024-07-17 19:06:52+00:00,btc_mxn,1141289.98,1141290.02,0.0
2024-07-17 19:06:53+00:00,btc_mxn,1141289.98,1141290.02,0.0
2024-07-17 19:06:54+00:00,btc_mxn,1141289.98,1141290.02,0.0
2024-07-17 19:06:55+00:00,btc_mxn,1141289.98,1141290.02,0.0
2024-07-17 19:06:56+00:00,btc_mxn,1141289.98,1141290.02,0.0
2024-07-17 19:06:57+00:00,btc_mxn,1141289.98,1141290.02,0.0
2024-07-17 19:06:58+00:00,btc_mxn,1141289.98,1141290.02,0.0
2024-07-17 19:06:59+00:00,btc_mxn,1141289.98,1141290.02,0.0
2024-07-17 19:07:00+00:00,btc_mxn,1141289.98,1141290.02,0.0
2024-07-17 19:07:01+00:00,btc_mxn,1141289.98,1141290.02,0.0
2024-07-17 19:07:02+00:00,btc_mxn,1141289.98,1141290.02,0.0
2024-07-17 19:07:03+00:00,btc_mxn,1141289.98,1141290.02,0.0
2024-07-17 19:07:04+00:00,btc_mxn,1141289.98,1141290.02,0.0
2024-07-17 19:07:05+00:00,btc_mxn,1141289.98,1141290.02,0.0
2024-07-17 19:07:06+00:00,btc_mxn,1141289.98,1141290.02,0.0
2024-07-17 19:07:07+00:00,btc_mxn,1141289.98,1141290.02,0.0
2024-07-17 19:07:08+00:00,btc_mxn,1141490.0,1142670.0,0.103
2024-07-17 19:07:09+00:00,btc_mxn,1142299.98,1142300.02,0.0
2024-07-17 19:07:10+00:00,btc_mxn,1142299.98,1142300.02,0.0
2024-07-17 19:07:11+00:00,btc_mxn,1142299.98,1142300.02,0.0
2024-07-17 19:07:12+00:00,btc_mxn,1142299.98,1142300.02,0.0
2024-07-17 19:07:13+00:00,btc_mxn,1142299.98,1142300.02,0.0
2024-07-17 19:07:14+00:00,btc_mxn,1142299.98,1142300.02,0.0
2024-07-17 19:07:16+00:00,btc_mxn,1142299.98,1142300.02,0.0
2024-07-17 19:07:16+00:00,btc_mxn,1142299.98,1142300.02,0.0
2024-07-17 19:07:17+00:00,btc_mxn,1142299.98,1142300.02,0.0
2024-07-17 19:07:19+00:00,btc_mxn,1142299.98,1142300.02,0.0
2024-07-17 19:07:20+00:00,btc_mxn,1142299.98,1142300.02,0.0
2024-07-17 19:07:21+00:00,btc_mxn,1142299.98,1142300.02,0.0
2024-07-17 19:07:22+00:00,btc_mxn,1142299.98,1142300.02,0.0
2024-07-17 19:07:23+00:00,btc_mxn,1142299.98,1142300.02,0.0
2024-07-17 19:07:24+00:00,btc_mxn,1142299.98,1142300.02,0.0
2024-07-17 19:07:25+00:00,btc_mxn,1142299.98,1142300.02,0.0
2024-07-17 19:07:27+00:00,btc_mxn,1142299.98,1142300.02,0.0
2024-07-17 19:07:29+00:00,btc_mxn,1142299.98,1142300.02,0.0
2024-07-17 19:07:30+00:00,btc_mxn,1142299.98,1142300.02,0.0
2024-07-17 19:07:31+00:00,btc_mxn,1142299.98,1142300.02,0.0
2024-07-17 19:07:32+00:00,btc_mxn,1142299.98,1142300.02,0.0
2024-07-17 19:07:33+00:00,btc_mxn,1142299.98,1142300.02,0.0
2024-07-17 19:07:34+00:00,btc_mxn,1142299.98,1142300.02,0.0
2024-07-17 19:07:35+00:00,btc_mxn,1142299.98,1142300.02,0.0
2024-07-17 19:07:36+00:00,btc_mxn,1142299.98,1142300.02,0.0
2024-07-17 19:07:37+00:00,btc_mxn,1142299.98,1142300.02,0.0
2024-07-17 19:07:38+00:00,btc_mxn,1142299.98,1142300.02,0.0
2024-07-17 19:07:39+00:00,btc_mxn,1142299.98,1142300.02,0.0
2024-07-17 19:07:40+00:00,btc_mxn,1142299.98,1142300.02,0.0
2024-07-17 19:07:41+00:00,btc_mxn,1142299.98,1142300.02,0.0
2024-07-17 19:07:42+00:00,btc_mxn,1142299.98,1142300.02,0.0
2024-07-17 19:07:43+00:00,btc_mxn,1142299.98,1142300.02,0.0
2024-07-17 19:07:44+00:00,btc_mxn,1142299.98,1142300.02,0.0
2024-07-17 19:07:45+00:00,btc_mxn,1142299.98,1142300.02,0.0
2024-07-17 19:07:46+00:00,btc_mxn,1142299.98,1142300.02,0.0
2024-07-17 19:07:47+00:00,btc_mxn,1142299.98,1142300.02,0.0
2024-07-17 19:07:48+00:00,btc_mxn,1142299.98,1142300.02,0.0
2024-07-17 19:07:49+00:00,btc_mxn,1142299.98,1142300.02,0.0
2024-07-17 19:07:50+00:00,btc_mxn,1142299.98,1142300.02,0.0
2024-07-17 19:07:51+00:00,btc_mxn,1142299.98,1142300.02,0.0
2024-07-17 19:07:52+00:00,btc_mxn,1142299.98,1142300.02,0.0
2024-07-17 19:07:53+00:00,btc_mxn,1142299.98,1142300.02,0.0
2024-07-17 19:07:54+00:00,btc_mxn,1142299.98,1142300.02,0.0
2024-07-17 19:07:55+00:00,btc_mxn,1142299.98,1142300.02,0.0
2024-07-17 19:07:56+00:00,btc_mxn,1142299.98,1142300.02,0.0
2024-07-17 19:07:57+00:00,btc_mxn,1142299.98,1142300.02,0.0
2024-07-17 19:07:58+00:00,btc_mxn,1142299.98,1142300.02,0.0
2024-07-17 19:07:59+00:00,btc_mxn,1142299.98,1142300.02,0.0
2024-07-17 19:08:00+00:00,btc_mxn,1142299.98,1142300.02,0.0
