orderbook_timestamp,book,bid,ask,spread
2024-07-17 19:52:18+00:00,usd_mxn,17.69,17.7,0.056
2024-07-17 19:52:19+00:00,usd_mxn,17.69,17.7,0.056
2024-07-17 19:52:20+00:00,usd_mxn,17.69,17.7,0.056
2024-07-17 19:52:22+00:00,usd_mxn,17.69,17.7,0.056
2024-07-17 19:52:23+00:00,usd_mxn,17.69,17.7,0.056
2024-07-17 19:52:24+00:00,usd_mxn,17.69,17.7,0.056
2024-07-17 19:52:25+00:00,usd_mxn,17.69,17.7,0.056
2024-07-17 19:52:26+00:00,usd_mxn,17.69,17.7,0.056
2024-07-17 19:52:27+00:00,usd_mxn,17.69,17.7,0.056
2024-07-17 19:52:28+00:00,usd_mxn,17.69,17.7,0.056
2024-07-17 19:52:29+00:00,usd_mxn,17.69,17.7,0.056
2024-07-17 19:52:30+00:00,usd_mxn,17.69,17.7,0.056
2024-07-17 19:52:31+00:00,usd_mxn,17.69,17.7,0.056
2024-07-17 19:52:32+00:00,usd_mxn,17.69,17.7,0.056
2024-07-17 19:52:33+00:00,usd_mxn,17.69,17.7,0.056
2024-07-17 19:52:34+00:00,usd_mxn,17.69,17.7,0.056
2024-07-17 19:52:35+00:00,usd_mxn,17.69,17.7,0.056
2024-07-17 19:52:36+00:00,usd_mxn,17.69,17.7,0.056
2024-07-17 19:52:37+00:00,usd_mxn,17.69,17.7,0.056
2024-07-17 19:52:38+00:00,usd_mxn,17.69,17.7,0.056
2024-07-17 19:52:39+00:00,usd_mxn,17.69,17.7,0.056
2024-07-17 19:52:40+00:00,usd_mxn,17.69,17.7,0.056
2024-07-17 19:52:41+00:00,usd_mxn,17.69,17.7,0.056
2024-07-17 19:52:42+00:00,usd_mxn,17.69,17.7,0.056
2024-07-17 19:52:43+00:00,usd_mxn,17.69,17.7,0.056
2024-07-17 19:52:44+00:00,usd_mxn,17.69,17.7,0.056
2024-07-17 19:52:45+00:00,usd_mxn,17.69,17.7,0.056
2024-07-17 19:52:46+00:00,usd_mxn,17.69,17.7,0.056
2024-07-17 19:52:47+00:00,usd_mxn,17.69,17.7,0.056
2024-07-17 19:52:48+00:00,usd_mxn,17.69,17.7,0.056
2024-07-17 19:52:49+00:00,usd_mxn,17.69,17.7,0.056
2024-07-17 19:52:50+00:00,usd_mxn,17.69,17.7,0.056
2024-07-17 19:52:51+00:00,usd_mxn,17.69,17.7,0.056
2024-07-17 19:52:52+00:00,usd_mxn,17.69,17.7,0.056
2024-07-17 19:52:53+00:00,usd_mxn,17.69,17.7,0.056
2024-07-17 19:52:54+00:00,usd_mxn,17.69,17.7,0.056
2024-07-17 19:52:55+00:00,usd_mxn,17.69,17.7,0.056
2024-07-17 19:52:56+00:00,usd_mxn,17.69,17.7,0.056
2024-07-17 19:52:57+00:00,usd_mxn,17.69,17.7,0.056
2024-07-17 19:52:58+00:00,usd_mxn,17.69,17.7,0.056
2024-07-17 19:53:00+00:00,usd_mxn,17.69,17.7,0.056
2024-07-17 19:53:00+00:00,usd_mxn,17.69,17.7,0.056
2024-07-17 19:53:01+00:00,usd_mxn,17.69,17.7,0.056
2024-07-17 19:53:02+00:00,usd_mxn,17.69,17.7,0.056
2024-07-17 19:53:03+00:00,usd_mxn,17.69,17.7,0.056
2024-07-17 19:53:05+00:00,usd_mxn,17.69,17.7,0.056
2024-07-17 19:53:06+00:00,usd_mxn,17.69,17.7,0.056
2024-07-17 19:53:07+00:00,usd_mxn,17.69,17.7,0.056
2024-07-17 19:53:08+00:00,usd_mxn,17.69,17.7,0.056
2024-07-17 19:53:09+00:00,usd_mxn,17.69,17.7,0.056
2024-07-17 19:53:10+00:00,usd_mxn,17.69,17.7,0.056
2024-07-17 19:53:11+00:00,usd_mxn,17.69,17.7,0.056
2024-07-17 19:53:12+00:00,usd_mxn,17.69,17.7,0.056
2024-07-17 19:53:13+00:00,usd_mxn,17.69,17.7,0.056
2024-07-17 19:53:14+00:00,usd_mxn,17.69,17.7,0.056
2024-07-17 19:53:15+00:00,usd_mxn,17.69,17.7,0.056
2024-07-17 19:53:16+00:00,usd_mxn,17.69,17.7,0.056
2024-07-17 19:53:17+00:00,usd_mxn,17.69,17.7,0.056
2024-07-17 19:53:18+00:00,usd_mxn,17.69,17.7,0.056
2024-07-17 19:53:19+00:00,usd_mxn,17.69,17.7,0.056
2024-07-17 19:53:20+00:00,usd_mxn,17.69,17.7,0.056
2024-07-17 19:53:21+00:00,usd_mxn,17.69,17.7,0.056
2024-07-17 19:53:22+00:00,usd_mxn,17.69,17.7,0.056
2024-07-17 19:53:23+00:00,usd_mxn,17.69,17.7,0.056
2024-07-17 19:53:24+00:00,usd_mxn,17.69,17.7,0.056
2024-07-17 19:53:25+00:00,usd_mxn,17.69,17.7,0.056
2024-07-17 19:53:26+00:00,usd_mxn,17.69,17.7,0.056
2024-07-17 19:53:27+00:00,usd_mxn,17.69,17.7,0.056
2024-07-17 19:53:28+00:00,usd_mxn,17.69,17.7,0.056
2024-07-17 19:53:29+00:00,usd_mxn,17.69,17.7,0.056
2024-07-17 19:53:30+00:00,usd_mxn,17.69,17.7,0.056
2024-07-17 19:53:31+00:00,usd_mxn,17.69,17.7,0.056
2024-07-17 19:53:32+00:00,usd_mxn,17.69,17.7,0.056
2024-07-17 19:53:33+00:00,usd_mxn,17.69,17.7,0.056
2024-07-17 19:53:34+00:00,usd_mxn,17.69,17.7,0.056
2024-07-17 19:53:35+00:00,usd_mxn,17.69,17.7,0.056
2024-07-17 19:53:36+00:00,usd_mxn,17.69,17.7,0.056
2024-07-17 19:53:37+00:00,usd_mxn,17.69,17.7,0.056
2024-07-17 19:53:38+00:00,usd_mxn,17.69,17.7,0.056
2024-07-17 19:53:39+00:00,usd_mxn,17.69,17.7,0.056
2024-07-17 19:53:40+00:00,usd_mxn,17.69,17.7,0.056
2024-07-17 19:53:41+00:00,usd_mxn,17.69,17.7,0.056
2024-07-17 19:53:42+00:00,usd_mxn,17.69,17.7,0.056
2024-07-17 19:53:43+00:00,usd_mxn,17.69,17.7,0.056
2024-07-17 19:53:44+00:00,usd_mxn,17.69,17.7,0.056
2024-07-17 19:53:45+00:00,usd_mxn,17.69,17.7,0.056
2024-07-17 19:53:46+00:00,usd_mxn,17.69,17.7,0.056
2024-07-17 19:53:47+00:00,usd_mxn,17.69,17.7,0.056
2024-07-17 19:53:48+00:00,usd_mxn,17.69,17.7,0.056
2024-07-17 19:53:50+00:00,usd_mxn,17.69,17.7,0.056
2024-07-17 19:53:51+00:00,usd_mxn,17.69,17.7,0.056
2024-07-17 19:53:52+00:00,usd_mxn,17.69,17.7,0.056
2024-07-17 19:53:53+00:00,usd_mxn,17.69,17.7,0.056
2024-07-17 19:53:54+00:00,usd_mxn,17.69,17.7,0.056
2024-07-17 19:53:55+00:00,usd_mxn,17.69,17.7,0.056
2024-07-17 19:53:56+00:00,usd_mxn,17.69,17.7,0.056
2024-07-17 19:53:57+00:00,usd_mxn,17.69,17.7,0.056
2024-07-17 19:53:58+00:00,usd_mxn,17.69,17.7,0.056
2024-07-17 19:53:59+00:00,usd_mxn,17.69,17.7,0.056
2024-07-17 19:54:00+00:00,usd_mxn,17.69,17.7,0.056
2024-07-17 19:54:01+00:00,usd_mxn,17.69,17.7,0.056
2024-07-17 19:54:02+00:00,usd_mxn,17.69,17.7,0.056
2024-07-17 19:54:03+00:00,usd_mxn,17.69,17.7,0.056
2024-07-17 19:54:04+00:00,usd_mxn,17.69,17.7,0.056
2024-07-17 19:54:05+00:00,usd_mxn,17.69,17.7,0.056
2024-07-17 19:54:06+00:00,usd_mxn,17.69,17.7,0.056
2024-07-17 19:54:07+00:00,usd_mxn,17.69,17.7,0.056
2024-07-17 19:54:08+00:00,usd_mxn,17.69,17.7,0.056
2024-07-17 19:54:09+00:00,usd_mxn,17.69,17.7,0.056
2024-07-17 19:54:10+00:00,usd_mxn,17.69,17.7,0.056
2024-07-17 19:54:11+00:00,usd_mxn,17.69,17.7,0.056
2024-07-17 19:54:12+00:00,usd_mxn,17.69,17.7,0.056
2024-07-17 19:54:13+00:00,usd_mxn,17.69,17.7,0.056
2024-07-17 19:54:14+00:00,usd_mxn,17.69,17.7,0.056
2024-07-17 19:54:15+00:00,usd_mxn,17.69,17.7,0.056
2024-07-17 19:54:16+00:00,usd_mxn,17.69,17.7,0.056
2024-07-17 19:54:17+00:00,usd_mxn,17.69,17.7,0.056
2024-07-17 19:54:18+00:00,usd_mxn,17.69,17.7,0.056
2024-07-17 19:54:19+00:00,usd_mxn,17.69,17.7,0.056
2024-07-17 19:54:20+00:00,usd_mxn,17.69,17.7,0.056
2024-07-17 19:54:21+00:00,usd_mxn,17.69,17.7,0.056
2024-07-17 19:54:22+00:00,usd_mxn,17.69,17.7,0.056
2024-07-17 19:54:23+00:00,usd_mxn,17.69,17.7,0.056
2024-07-17 19:54:24+00:00,usd_mxn,17.69,17.7,0.056
2024-07-17 19:54:25+00:00,usd_mxn,17.69,17.7,0.056
2024-07-17 19:54:26+00:00,usd_mxn,17.69,17.7,0.056
2024-07-17 19:54:27+00:00,usd_mxn,17.69,17.7,0.056
2024-07-17 19:54:28+00:00,usd_mxn,17.69,17.7,0.056
2024-07-17 19:54:29+00:00,usd_mxn,17.69,17.7,0.056
2024-07-17 19:54:30+00:00,usd_mxn,17.69,17.7,0.056
2024-07-17 19:54:31+00:00,usd_mxn,17.69,17.7,0.056
2024-07-17 19:54:32+00:00,usd_mxn,17.69,17.7,0.056
2024-07-17 19:54:33+00:00,usd_mxn,17.69,17.7,0.056
2024-07-17 19:54:34+00:00,usd_mxn,17.69,17.7,0.056
2024-07-17 19:54:35+00:00,usd_mxn,17.69,17.7,0.056
2024-07-17 19:54:36+00:00,usd_mxn,17.69,17.7,0.056
2024-07-17 19:54:37+00:00,usd_mxn,17.69,17.7,0.056
2024-07-17 19:54:38+00:00,usd_mxn,17.69,17.7,0.056
2024-07-17 19:54:39+00:00,usd_mxn,17.69,17.7,0.056
2024-07-17 19:54:40+00:00,usd_mxn,17.69,17.7,0.056
2024-07-17 19:54:41+00:00,usd_mxn,17.69,17.7,0.056
2024-07-17 19:54:42+00:00,usd_mxn,17.69,17.7,0.056
2024-07-17 19:54:43+00:00,usd_mxn,17.69,17.7,0.056
2024-07-17 19:54:44+00:00,usd_mxn,17.69,17.7,0.056
2024-07-17 19:54:45+00:00,usd_mxn,17.69,17.7,0.056
2024-07-17 19:54:46+00:00,usd_mxn,17.69,17.7,0.056
2024-07-17 19:54:47+00:00,usd_mxn,17.69,17.7,0.056
2024-07-17 19:54:48+00:00,usd_mxn,17.69,17.7,0.056
2024-07-17 19:54:49+00:00,usd_mxn,17.69,17.7,0.056
2024-07-17 19:54:50+00:00,usd_mxn,17.69,17.7,0.056
2024-07-17 19:54:52+00:00,usd_mxn,17.69,17.7,0.056
2024-07-17 19:54:53+00:00,usd_mxn,17.69,17.7,0.056
2024-07-17 19:54:54+00:00,usd_mxn,17.69,17.7,0.056
2024-07-17 19:54:55+00:00,usd_mxn,17.69,17.7,0.056
2024-07-17 19:54:56+00:00,usd_mxn,17.69,17.7,0.056
2024-07-17 19:54:57+00:00,usd_mxn,17.69,17.7,0.056
2024-07-17 19:54:58+00:00,usd_mxn,17.69,17.7,0.056
2024-07-17 19:54:59+00:00,usd_mxn,17.69,17.7,0.056
2024-07-17 19:55:00+00:00,usd_mxn,17.69,17.7,0.056
2024-07-17 19:55:01+00:00,usd_mxn,17.69,17.7,0.056
2024-07-17 19:55:02+00:00,usd_mxn,17.69,17.7,0.056
2024-07-17 19:55:03+00:00,usd_mxn,17.69,17.7,0.056
2024-07-17 19:55:04+00:00,usd_mxn,17.69,17.7,0.056
2024-07-17 19:55:05+00:00,usd_mxn,17.69,17.7,0.056
2024-07-17 19:55:06+00:00,usd_mxn,17.69,17.7,0.056
2024-07-17 19:55:07+00:00,usd_mxn,17.69,17.7,0.056
2024-07-17 19:55:08+00:00,usd_mxn,17.69,17.7,0.056
2024-07-17 19:55:09+00:00,usd_mxn,17.69,17.7,0.056
2024-07-17 19:55:10+00:00,usd_mxn,17.69,17.7,0.056
2024-07-17 19:55:11+00:00,usd_mxn,17.69,17.7,0.056
2024-07-17 19:55:12+00:00,usd_mxn,17.69,17.7,0.056
2024-07-17 19:55:13+00:00,usd_mxn,17.69,17.7,0.056
2024-07-17 19:55:14+00:00,usd_mxn,17.69,17.7,0.056
2024-07-17 19:55:15+00:00,usd_mxn,17.69,17.7,0.056
2024-07-17 19:55:16+00:00,usd_mxn,17.69,17.7,0.056
2024-07-17 19:55:17+00:00,usd_mxn,17.69,17.7,0.056
2024-07-17 19:55:18+00:00,usd_mxn,17.69,17.7,0.056
2024-07-17 19:55:19+00:00,usd_mxn,17.69,17.7,0.056
2024-07-17 19:55:20+00:00,usd_mxn,17.69,17.7,0.056
2024-07-17 19:55:21+00:00,usd_mxn,17.69,17.7,0.056
2024-07-17 19:55:22+00:00,usd_mxn,17.69,17.7,0.056
2024-07-17 19:55:23+00:00,usd_mxn,17.69,17.7,0.056
2024-07-17 19:55:24+00:00,usd_mxn,17.69,17.7,0.056
2024-07-17 19:55:25+00:00,usd_mxn,17.69,17.7,0.056
2024-07-17 19:55:26+00:00,usd_mxn,17.69,17.7,0.056
2024-07-17 19:55:27+00:00,usd_mxn,17.69,17.7,0.056
2024-07-17 19:55:28+00:00,usd_mxn,17.69,17.7,0.056
2024-07-17 19:55:29+00:00,usd_mxn,17.69,17.7,0.056
2024-07-17 19:55:30+00:00,usd_mxn,17.69,17.7,0.056
2024-07-17 19:55:31+00:00,usd_mxn,17.69,17.7,0.056
2024-07-17 19:55:32+00:00,usd_mxn,17.69,17.7,0.056
2024-07-17 19:55:33+00:00,usd_mxn,17.69,17.7,0.056
2024-07-17 19:55:34+00:00,usd_mxn,17.69,17.7,0.056
2024-07-17 19:55:35+00:00,usd_mxn,17.69,17.7,0.056
2024-07-17 19:55:36+00:00,usd_mxn,17.69,17.7,0.056
2024-07-17 19:55:37+00:00,usd_mxn,17.69,17.7,0.056
2024-07-17 19:55:38+00:00,usd_mxn,17.69,17.7,0.056
2024-07-17 19:55:39+00:00,usd_mxn,17.69,17.7,0.056
2024-07-17 19:55:40+00:00,usd_mxn,17.69,17.7,0.056
2024-07-17 19:55:41+00:00,usd_mxn,17.69,17.7,0.056
2024-07-17 19:55:42+00:00,usd_mxn,17.69,17.7,0.056
2024-07-17 19:55:43+00:00,usd_mxn,17.69,17.7,0.056
2024-07-17 19:55:44+00:00,usd_mxn,17.69,17.7,0.056
2024-07-17 19:55:45+00:00,usd_mxn,17.69,17.7,0.056
2024-07-17 19:55:46+00:00,usd_mxn,17.69,17.7,0.056
2024-07-17 19:55:47+00:00,usd_mxn,17.69,17.7,0.056
2024-07-17 19:55:48+00:00,usd_mxn,17.69,17.7,0.056
2024-07-17 19:55:49+00:00,usd_mxn,17.69,17.7,0.056
2024-07-17 19:55:50+00:00,usd_mxn,17.69,17.7,0.056
2024-07-17 19:55:51+00:00,usd_mxn,17.69,17.7,0.056
2024-07-17 19:55:52+00:00,usd_mxn,17.69,17.7,0.056
2024-07-17 19:55:53+00:00,usd_mxn,17.69,17.7,0.056
2024-07-17 19:55:54+00:00,usd_mxn,17.69,17.7,0.056
2024-07-17 19:55:55+00:00,usd_mxn,17.69,17.7,0.056
2024-07-17 19:55:57+00:00,usd_mxn,17.69,17.7,0.056
2024-07-17 19:55:57+00:00,usd_mxn,17.69,17.7,0.056
2024-07-17 19:55:59+00:00,usd_mxn,17.69,17.7,0.056
2024-07-17 19:56:00+00:00,usd_mxn,17.69,17.7,0.056
2024-07-17 19:56:01+00:00,usd_mxn,17.69,17.7,0.056
2024-07-17 19:56:02+00:00,usd_mxn,17.69,17.7,0.056
2024-07-17 19:56:03+00:00,usd_mxn,17.69,17.7,0.056
2024-07-17 19:56:04+00:00,usd_mxn,17.69,17.7,0.056
2024-07-17 19:56:05+00:00,usd_mxn,17.69,17.7,0.056
2024-07-17 19:56:06+00:00,usd_mxn,17.69,17.7,0.056
2024-07-17 19:56:07+00:00,usd_mxn,17.69,17.7,0.056
2024-07-17 19:56:08+00:00,usd_mxn,17.69,17.7,0.056
2024-07-17 19:56:09+00:00,usd_mxn,17.69,17.7,0.056
2024-07-17 19:56:10+00:00,usd_mxn,17.69,17.7,0.056
2024-07-17 19:56:11+00:00,usd_mxn,17.69,17.7,0.056
2024-07-17 19:56:12+00:00,usd_mxn,17.69,17.7,0.056
2024-07-17 19:56:13+00:00,usd_mxn,17.69,17.7,0.056
2024-07-17 19:56:14+00:00,usd_mxn,17.69,17.7,0.056
2024-07-17 19:56:15+00:00,usd_mxn,17.69,17.7,0.056
2024-07-17 19:56:16+00:00,usd_mxn,17.69,17.7,0.056
2024-07-17 19:56:17+00:00,usd_mxn,17.69,17.7,0.056
2024-07-17 19:56:18+00:00,usd_mxn,17.69,17.7,0.056
2024-07-17 19:56:19+00:00,usd_mxn,17.69,17.7,0.056
2024-07-17 19:56:20+00:00,usd_mxn,17.69,17.7,0.056
2024-07-17 19:56:21+00:00,usd_mxn,17.69,17.7,0.056
2024-07-17 19:56:22+00:00,usd_mxn,17.69,17.7,0.056
2024-07-17 19:56:23+00:00,usd_mxn,17.69,17.7,0.056
2024-07-17 19:56:24+00:00,usd_mxn,17.69,17.7,0.056
2024-07-17 19:56:25+00:00,usd_mxn,17.69,17.7,0.056
2024-07-17 19:56:26+00:00,usd_mxn,17.69,17.7,0.056
2024-07-17 19:56:27+00:00,usd_mxn,17.69,17.7,0.056
2024-07-17 19:56:28+00:00,usd_mxn,17.69,17.7,0.056
2024-07-17 19:56:29+00:00,usd_mxn,17.69,17.7,0.056
2024-07-17 19:56:30+00:00,usd_mxn,17.69,17.7,0.056
2024-07-17 19:56:31+00:00,usd_mxn,17.69,17.7,0.056
2024-07-17 19:56:32+00:00,usd_mxn,17.69,17.7,0.056
2024-07-17 19:56:33+00:00,usd_mxn,17.69,17.7,0.056
2024-07-17 19:56:34+00:00,usd_mxn,17.69,17.7,0.056
2024-07-17 19:56:35+00:00,usd_mxn,17.69,17.7,0.056
2024-07-17 19:56:36+00:00,usd_mxn,17.69,17.7,0.056
2024-07-17 19:56:37+00:00,usd_mxn,17.69,17.7,0.056
2024-07-17 19:56:38+00:00,usd_mxn,17.69,17.7,0.056
2024-07-17 19:56:39+00:00,usd_mxn,17.69,17.7,0.056
2024-07-17 19:56:40+00:00,usd_mxn,17.69,17.7,0.056
2024-07-17 19:56:41+00:00,usd_mxn,17.69,17.7,0.056
2024-07-17 19:56:42+00:00,usd_mxn,17.69,17.7,0.056
2024-07-17 19:56:43+00:00,usd_mxn,17.69,17.7,0.056
2024-07-17 19:56:44+00:00,usd_mxn,17.69,17.7,0.056
2024-07-17 19:56:45+00:00,usd_mxn,17.69,17.7,0.056
2024-07-17 19:56:46+00:00,usd_mxn,17.69,17.7,0.056
2024-07-17 19:56:47+00:00,usd_mxn,17.69,17.7,0.056
2024-07-17 19:56:48+00:00,usd_mxn,17.69,17.7,0.056
2024-07-17 19:56:49+00:00,usd_mxn,17.69,17.7,0.056
2024-07-17 19:56:50+00:00,usd_mxn,17.69,17.7,0.056
2024-07-17 19:56:51+00:00,usd_mxn,17.69,17.7,0.056
2024-07-17 19:56:52+00:00,usd_mxn,17.69,17.7,0.056
2024-07-17 19:56:53+00:00,usd_mxn,17.69,17.7,0.056
2024-07-17 19:56:54+00:00,usd_mxn,17.69,17.7,0.056
2024-07-17 19:56:55+00:00,usd_mxn,17.69,17.7,0.056
2024-07-17 19:56:57+00:00,usd_mxn,17.69,17.7,0.056
2024-07-17 19:56:58+00:00,usd_mxn,17.69,17.7,0.056
2024-07-17 19:56:59+00:00,usd_mxn,17.69,17.7,0.056
2024-07-17 19:57:00+00:00,usd_mxn,17.69,17.7,0.056
2024-07-17 19:57:01+00:00,usd_mxn,17.69,17.7,0.056
2024-07-17 19:57:02+00:00,usd_mxn,17.69,17.7,0.056
2024-07-17 19:57:03+00:00,usd_mxn,17.69,17.7,0.056
2024-07-17 19:57:04+00:00,usd_mxn,17.69,17.7,0.056
2024-07-17 19:57:05+00:00,usd_mxn,17.69,17.7,0.056
2024-07-17 19:57:06+00:00,usd_mxn,17.69,17.7,0.056
2024-07-17 19:57:07+00:00,usd_mxn,17.69,17.7,0.056
2024-07-17 19:57:08+00:00,usd_mxn,17.69,17.7,0.056
2024-07-17 19:57:09+00:00,usd_mxn,17.69,17.7,0.056
2024-07-17 19:57:10+00:00,usd_mxn,17.69,17.7,0.056
2024-07-17 19:57:11+00:00,usd_mxn,17.69,17.7,0.056
2024-07-17 19:57:12+00:00,usd_mxn,17.69,17.7,0.056
2024-07-17 19:57:13+00:00,usd_mxn,17.69,17.7,0.056
2024-07-17 19:57:14+00:00,usd_mxn,17.69,17.7,0.056
2024-07-17 19:57:15+00:00,usd_mxn,17.69,17.7,0.056
2024-07-17 19:57:16+00:00,usd_mxn,17.69,17.7,0.056
2024-07-17 19:57:17+00:00,usd_mxn,17.69,17.7,0.056
2024-07-17 19:57:18+00:00,usd_mxn,17.69,17.7,0.056
2024-07-17 19:57:19+00:00,usd_mxn,17.69,17.7,0.056
2024-07-17 19:57:20+00:00,usd_mxn,17.69,17.7,0.056
2024-07-17 19:57:21+00:00,usd_mxn,17.69,17.7,0.056
2024-07-17 19:57:22+00:00,usd_mxn,17.69,17.7,0.056
2024-07-17 19:57:23+00:00,usd_mxn,17.69,17.7,0.056
2024-07-17 19:57:24+00:00,usd_mxn,17.69,17.7,0.056
2024-07-17 19:57:25+00:00,usd_mxn,17.69,17.7,0.056
2024-07-17 19:57:26+00:00,usd_mxn,17.69,17.7,0.056
2024-07-17 19:57:27+00:00,usd_mxn,17.69,17.7,0.056
2024-07-17 19:57:28+00:00,usd_mxn,17.69,17.7,0.056
2024-07-17 19:57:29+00:00,usd_mxn,17.69,17.7,0.056
2024-07-17 19:57:30+00:00,usd_mxn,17.69,17.7,0.056
2024-07-17 19:57:31+00:00,usd_mxn,17.69,17.7,0.056
2024-07-17 19:57:32+00:00,usd_mxn,17.69,17.7,0.056
2024-07-17 19:57:33+00:00,usd_mxn,17.69,17.7,0.056
2024-07-17 19:57:34+00:00,usd_mxn,17.69,17.7,0.056
2024-07-17 19:57:35+00:00,usd_mxn,17.69,17.7,0.056
2024-07-17 19:57:36+00:00,usd_mxn,17.69,17.7,0.056
2024-07-17 19:57:38+00:00,usd_mxn,17.69,17.7,0.056
2024-07-17 19:57:39+00:00,usd_mxn,17.69,17.7,0.056
2024-07-17 19:57:40+00:00,usd_mxn,17.69,17.7,0.056
2024-07-17 19:57:41+00:00,usd_mxn,17.69,17.7,0.056
2024-07-17 19:57:42+00:00,usd_mxn,17.69,17.7,0.056
2024-07-17 19:57:43+00:00,usd_mxn,17.69,17.7,0.056
2024-07-17 19:57:44+00:00,usd_mxn,17.69,17.7,0.056
2024-07-17 19:57:45+00:00,usd_mxn,17.69,17.7,0.056
2024-07-17 19:57:46+00:00,usd_mxn,17.69,17.7,0.056
2024-07-17 19:57:47+00:00,usd_mxn,17.69,17.7,0.056
2024-07-17 19:57:48+00:00,usd_mxn,17.69,17.7,0.056
2024-07-17 19:57:49+00:00,usd_mxn,17.69,17.7,0.056
2024-07-17 19:57:50+00:00,usd_mxn,17.69,17.7,0.056
2024-07-17 19:57:51+00:00,usd_mxn,17.69,17.7,0.056
2024-07-17 19:57:52+00:00,usd_mxn,17.69,17.7,0.056
2024-07-17 19:57:53+00:00,usd_mxn,17.69,17.7,0.056
2024-07-17 19:57:54+00:00,usd_mxn,17.69,17.7,0.056
2024-07-17 19:57:55+00:00,usd_mxn,17.69,17.7,0.056
2024-07-17 19:57:56+00:00,usd_mxn,17.69,17.7,0.056
2024-07-17 19:57:57+00:00,usd_mxn,17.69,17.7,0.056
2024-07-17 19:57:58+00:00,usd_mxn,17.69,17.7,0.056
2024-07-17 19:57:59+00:00,usd_mxn,17.69,17.7,0.056
2024-07-17 19:58:00+00:00,usd_mxn,17.69,17.7,0.056
2024-07-17 19:58:01+00:00,usd_mxn,17.69,17.7,0.056
2024-07-17 19:58:02+00:00,usd_mxn,17.69,17.7,0.056
2024-07-17 19:58:03+00:00,usd_mxn,17.69,17.7,0.056
2024-07-17 19:58:04+00:00,usd_mxn,17.69,17.7,0.056
2024-07-17 19:58:05+00:00,usd_mxn,17.69,17.7,0.056
2024-07-17 19:58:06+00:00,usd_mxn,17.69,17.7,0.056
2024-07-17 19:58:07+00:00,usd_mxn,17.69,17.7,0.056
2024-07-17 19:58:08+00:00,usd_mxn,17.69,17.7,0.056
2024-07-17 19:58:09+00:00,usd_mxn,17.69,17.7,0.056
2024-07-17 19:58:10+00:00,usd_mxn,17.69,17.7,0.056
2024-07-17 19:58:11+00:00,usd_mxn,17.69,17.7,0.056
2024-07-17 19:58:12+00:00,usd_mxn,17.69,17.7,0.056
2024-07-17 19:58:13+00:00,usd_mxn,17.69,17.7,0.056
2024-07-17 19:58:14+00:00,usd_mxn,17.69,17.7,0.056
2024-07-17 19:58:15+00:00,usd_mxn,17.69,17.7,0.056
2024-07-17 19:58:16+00:00,usd_mxn,17.69,17.7,0.056
2024-07-17 19:58:17+00:00,usd_mxn,17.69,17.7,0.056
2024-07-17 19:58:18+00:00,usd_mxn,17.69,17.7,0.056
2024-07-17 19:58:19+00:00,usd_mxn,17.69,17.7,0.056
2024-07-17 19:58:20+00:00,usd_mxn,17.69,17.7,0.056
2024-07-17 19:58:21+00:00,usd_mxn,17.69,17.7,0.056
2024-07-17 19:58:22+00:00,usd_mxn,17.69,17.7,0.056
2024-07-17 19:58:23+00:00,usd_mxn,17.69,17.7,0.056
2024-07-17 19:58:24+00:00,usd_mxn,17.69,17.7,0.056
2024-07-17 19:58:25+00:00,usd_mxn,17.69,17.7,0.056
2024-07-17 19:58:26+00:00,usd_mxn,17.69,17.7,0.056
2024-07-17 19:58:27+00:00,usd_mxn,17.69,17.7,0.056
2024-07-17 19:58:28+00:00,usd_mxn,17.69,17.7,0.056
2024-07-17 19:58:29+00:00,usd_mxn,17.69,17.7,0.056
2024-07-17 19:58:31+00:00,usd_mxn,17.69,17.7,0.056
2024-07-17 19:58:32+00:00,usd_mxn,17.69,17.7,0.056
2024-07-17 19:58:33+00:00,usd_mxn,17.69,17.7,0.056
2024-07-17 19:58:34+00:00,usd_mxn,17.69,17.7,0.056
2024-07-17 19:58:35+00:00,usd_mxn,17.69,17.7,0.056
2024-07-17 19:58:36+00:00,usd_mxn,17.69,17.7,0.056
2024-07-17 19:58:37+00:00,usd_mxn,17.69,17.7,0.056
2024-07-17 19:58:38+00:00,usd_mxn,17.69,17.7,0.056
2024-07-17 19:58:39+00:00,usd_mxn,17.69,17.7,0.056
2024-07-17 19:58:40+00:00,usd_mxn,17.69,17.7,0.056
2024-07-17 19:58:41+00:00,usd_mxn,17.69,17.7,0.056
2024-07-17 19:58:42+00:00,usd_mxn,17.69,17.7,0.056
2024-07-17 19:58:43+00:00,usd_mxn,17.69,17.7,0.056
2024-07-17 19:58:44+00:00,usd_mxn,17.69,17.7,0.056
2024-07-17 19:58:45+00:00,usd_mxn,17.69,17.7,0.056
2024-07-17 19:58:46+00:00,usd_mxn,17.69,17.7,0.056
2024-07-17 19:58:47+00:00,usd_mxn,17.69,17.7,0.056
2024-07-17 19:58:48+00:00,usd_mxn,17.69,17.7,0.056
2024-07-17 19:58:49+00:00,usd_mxn,17.69,17.7,0.056
2024-07-17 19:58:50+00:00,usd_mxn,17.69,17.7,0.056
2024-07-17 19:58:51+00:00,usd_mxn,17.69,17.7,0.056
2024-07-17 19:58:52+00:00,usd_mxn,17.69,17.7,0.056
2024-07-17 19:58:53+00:00,usd_mxn,17.69,17.7,0.056
2024-07-17 19:58:54+00:00,usd_mxn,17.69,17.7,0.056
2024-07-17 19:58:55+00:00,usd_mxn,17.69,17.7,0.056
2024-07-17 19:58:56+00:00,usd_mxn,17.69,17.7,0.056
2024-07-17 19:58:57+00:00,usd_mxn,17.69,17.7,0.056
2024-07-17 19:58:58+00:00,usd_mxn,17.69,17.7,0.056
2024-07-17 19:58:59+00:00,usd_mxn,17.69,17.7,0.056
2024-07-17 19:59:00+00:00,usd_mxn,17.69,17.7,0.056
2024-07-17 19:59:01+00:00,usd_mxn,17.69,17.7,0.056
2024-07-17 19:59:02+00:00,usd_mxn,17.69,17.7,0.056
2024-07-17 19:59:03+00:00,usd_mxn,17.69,17.7,0.056
2024-07-17 19:59:04+00:00,usd_mxn,17.69,17.7,0.056
2024-07-17 19:59:05+00:00,usd_mxn,17.69,17.7,0.056
2024-07-17 19:59:06+00:00,usd_mxn,17.69,17.7,0.056
2024-07-17 19:59:07+00:00,usd_mxn,17.69,17.7,0.056
2024-07-17 19:59:08+00:00,usd_mxn,17.69,17.7,0.056
2024-07-17 19:59:09+00:00,usd_mxn,17.69,17.7,0.056
2024-07-17 19:59:10+00:00,usd_mxn,17.69,17.7,0.056
2024-07-17 19:59:11+00:00,usd_mxn,17.69,17.7,0.056
2024-07-17 19:59:12+00:00,usd_mxn,17.69,17.7,0.056
2024-07-17 19:59:13+00:00,usd_mxn,17.69,17.7,0.056
2024-07-17 19:59:14+00:00,usd_mxn,17.69,17.7,0.056
2024-07-17 19:59:15+00:00,usd_mxn,17.69,17.7,0.056
2024-07-17 19:59:16+00:00,usd_mxn,17.69,17.7,0.056
2024-07-17 19:59:17+00:00,usd_mxn,17.69,17.7,0.056
2024-07-17 19:59:18+00:00,usd_mxn,17.69,17.7,0.056
2024-07-17 19:59:19+00:00,usd_mxn,17.69,17.7,0.056
2024-07-17 19:59:20+00:00,usd_mxn,17.69,17.7,0.056
2024-07-17 19:59:21+00:00,usd_mxn,17.69,17.7,0.056
2024-07-17 19:59:22+00:00,usd_mxn,17.69,17.7,0.056
2024-07-17 19:59:23+00:00,usd_mxn,17.69,17.7,0.056
2024-07-17 19:59:24+00:00,usd_mxn,17.69,17.7,0.056
2024-07-17 19:59:25+00:00,usd_mxn,17.69,17.7,0.056
2024-07-17 19:59:26+00:00,usd_mxn,17.69,17.7,0.056
2024-07-17 19:59:27+00:00,usd_mxn,17.69,17.7,0.056
2024-07-17 19:59:28+00:00,usd_mxn,17.69,17.7,0.056
2024-07-17 19:59:29+00:00,usd_mxn,17.69,17.7,0.056
2024-07-17 19:59:30+00:00,usd_mxn,17.69,17.7,0.056
2024-07-17 19:59:31+00:00,usd_mxn,17.69,17.7,0.056
2024-07-17 19:59:33+00:00,usd_mxn,17.69,17.7,0.056
2024-07-17 19:59:34+00:00,usd_mxn,17.69,17.7,0.056
2024-07-17 19:59:35+00:00,usd_mxn,17.69,17.7,0.056
2024-07-17 19:59:36+00:00,usd_mxn,17.69,17.7,0.056
2024-07-17 19:59:37+00:00,usd_mxn,17.69,17.7,0.056
2024-07-17 19:59:38+00:00,usd_mxn,17.69,17.7,0.056
2024-07-17 19:59:39+00:00,usd_mxn,17.69,17.7,0.056
2024-07-17 19:59:40+00:00,usd_mxn,17.69,17.7,0.056
2024-07-17 19:59:41+00:00,usd_mxn,17.69,17.7,0.056
2024-07-17 19:59:42+00:00,usd_mxn,17.69,17.7,0.056
2024-07-17 19:59:43+00:00,usd_mxn,17.69,17.7,0.056
2024-07-17 19:59:44+00:00,usd_mxn,17.69,17.7,0.056
2024-07-17 19:59:45+00:00,usd_mxn,17.69,17.7,0.056
2024-07-17 19:59:46+00:00,usd_mxn,17.69,17.7,0.056
2024-07-17 19:59:47+00:00,usd_mxn,17.69,17.7,0.056
2024-07-17 19:59:48+00:00,usd_mxn,17.69,17.7,0.056
2024-07-17 19:59:49+00:00,usd_mxn,17.69,17.7,0.056
2024-07-17 19:59:50+00:00,usd_mxn,17.69,17.7,0.056
2024-07-17 19:59:51+00:00,usd_mxn,17.69,17.7,0.056
2024-07-17 19:59:52+00:00,usd_mxn,17.69,17.7,0.056
2024-07-17 19:59:53+00:00,usd_mxn,17.69,17.7,0.056
2024-07-17 19:59:54+00:00,usd_mxn,17.69,17.7,0.056
2024-07-17 19:59:55+00:00,usd_mxn,17.69,17.7,0.056
2024-07-17 19:59:56+00:00,usd_mxn,17.69,17.7,0.056
2024-07-17 19:59:57+00:00,usd_mxn,17.69,17.7,0.056
2024-07-17 19:59:58+00:00,usd_mxn,17.69,17.7,0.056
2024-07-17 19:59:59+00:00,usd_mxn,17.69,17.7,0.056
2024-07-17 20:00:00+00:00,usd_mxn,17.69,17.7,0.056
2024-07-17 20:00:01+00:00,usd_mxn,17.69,17.7,0.056
2024-07-17 20:00:02+00:00,usd_mxn,17.69,17.7,0.056
2024-07-17 20:00:03+00:00,usd_mxn,17.69,17.7,0.056
2024-07-17 20:00:04+00:00,usd_mxn,17.69,17.7,0.056
2024-07-17 20:00:05+00:00,usd_mxn,17.69,17.7,0.056
2024-07-17 20:00:06+00:00,usd_mxn,17.69,17.7,0.056
2024-07-17 20:00:07+00:00,usd_mxn,17.69,17.7,0.056
2024-07-17 20:00:08+00:00,usd_mxn,17.69,17.7,0.056
2024-07-17 20:00:09+00:00,usd_mxn,17.69,17.7,0.056
2024-07-17 20:00:10+00:00,usd_mxn,17.69,17.7,0.056
2024-07-17 20:00:11+00:00,usd_mxn,17.69,17.7,0.056
2024-07-17 20:00:12+00:00,usd_mxn,17.69,17.7,0.056
2024-07-17 20:00:13+00:00,usd_mxn,17.69,17.7,0.056
2024-07-17 20:00:14+00:00,usd_mxn,17.69,17.7,0.056
2024-07-17 20:00:15+00:00,usd_mxn,17.69,17.7,0.056
2024-07-17 20:00:16+00:00,usd_mxn,17.69,17.7,0.056
2024-07-17 20:00:17+00:00,usd_mxn,17.69,17.7,0.056
2024-07-17 20:00:18+00:00,usd_mxn,17.69,17.7,0.056
2024-07-17 20:00:19+00:00,usd_mxn,17.69,17.7,0.056
2024-07-17 20:00:20+00:00,usd_mxn,17.69,17.7,0.056
2024-07-17 20:00:21+00:00,usd_mxn,17.69,17.7,0.056
2024-07-17 20:00:22+00:00,usd_mxn,17.69,17.7,0.056
2024-07-17 20:00:23+00:00,usd_mxn,17.69,17.7,0.056
2024-07-17 20:00:24+00:00,usd_mxn,17.69,17.7,0.056
2024-07-17 20:00:25+00:00,usd_mxn,17.69,17.7,0.056
2024-07-17 20:00:26+00:00,usd_mxn,17.69,17.7,0.056
2024-07-17 20:00:27+00:00,usd_mxn,17.69,17.7,0.056
2024-07-17 20:00:28+00:00,usd_mxn,17.69,17.7,0.056
2024-07-17 20:00:29+00:00,usd_mxn,17.69,17.7,0.056
2024-07-17 20:00:30+00:00,usd_mxn,17.69,17.7,0.056
2024-07-17 20:00:31+00:00,usd_mxn,17.69,17.7,0.056
2024-07-17 20:00:32+00:00,usd_mxn,17.69,17.7,0.056
2024-07-17 20:00:33+00:00,usd_mxn,17.69,17.7,0.056
2024-07-17 20:00:34+00:00,usd_mxn,17.69,17.7,0.056
2024-07-17 20:00:35+00:00,usd_mxn,17.69,17.7,0.056
2024-07-17 20:00:36+00:00,usd_mxn,17.69,17.7,0.056
2024-07-17 20:00:38+00:00,usd_mxn,17.69,17.7,0.056
2024-07-17 20:00:39+00:00,usd_mxn,17.69,17.7,0.056
2024-07-17 20:00:40+00:00,usd_mxn,17.69,17.7,0.056
2024-07-17 20:00:42+00:00,usd_mxn,17.69,17.7,0.056
2024-07-17 20:00:43+00:00,usd_mxn,17.69,17.7,0.056
2024-07-17 20:00:45+00:00,usd_mxn,17.69,17.7,0.056
2024-07-17 20:00:46+00:00,usd_mxn,17.69,17.7,0.056
2024-07-17 20:00:47+00:00,usd_mxn,17.69,17.7,0.056
2024-07-17 20:00:48+00:00,usd_mxn,17.69,17.7,0.056
2024-07-17 20:00:49+00:00,usd_mxn,17.69,17.7,0.056
2024-07-17 20:00:50+00:00,usd_mxn,17.69,17.7,0.056
2024-07-17 20:00:51+00:00,usd_mxn,17.69,17.7,0.056
2024-07-17 20:00:52+00:00,usd_mxn,17.69,17.7,0.056
2024-07-17 20:00:53+00:00,usd_mxn,17.69,17.7,0.056
2024-07-17 20:00:54+00:00,usd_mxn,17.69,17.7,0.056
2024-07-17 20:00:55+00:00,usd_mxn,17.69,17.7,0.056
2024-07-17 20:00:56+00:00,usd_mxn,17.69,17.7,0.056
2024-07-17 20:00:57+00:00,usd_mxn,17.69,17.7,0.056
2024-07-17 20:00:58+00:00,usd_mxn,17.69,17.7,0.056
2024-07-17 20:00:59+00:00,usd_mxn,17.69,17.7,0.056
2024-07-17 20:01:00+00:00,usd_mxn,17.69,17.7,0.056
2024-07-17 20:01:01+00:00,usd_mxn,17.69,17.7,0.056
2024-07-17 20:01:02+00:00,usd_mxn,17.69,17.7,0.056
2024-07-17 20:01:03+00:00,usd_mxn,17.69,17.7,0.056
2024-07-17 20:01:04+00:00,usd_mxn,17.69,17.7,0.056
2024-07-17 20:01:05+00:00,usd_mxn,17.69,17.7,0.056
2024-07-17 20:01:06+00:00,usd_mxn,17.69,17.7,0.056
2024-07-17 20:01:07+00:00,usd_mxn,17.69,17.7,0.056
2024-07-17 20:01:08+00:00,usd_mxn,17.69,17.7,0.056
2024-07-17 20:01:09+00:00,usd_mxn,17.69,17.7,0.056
2024-07-17 20:01:10+00:00,usd_mxn,17.69,17.7,0.056
2024-07-17 20:01:11+00:00,usd_mxn,17.69,17.7,0.056
2024-07-17 20:01:12+00:00,usd_mxn,17.69,17.7,0.056
2024-07-17 20:01:13+00:00,usd_mxn,17.69,17.7,0.056
2024-07-17 20:01:14+00:00,usd_mxn,17.69,17.7,0.056
2024-07-17 20:01:15+00:00,usd_mxn,17.69,17.7,0.056
2024-07-17 20:01:16+00:00,usd_mxn,17.69,17.7,0.056
2024-07-17 20:01:17+00:00,usd_mxn,17.69,17.7,0.056
2024-07-17 20:01:18+00:00,usd_mxn,17.69,17.7,0.056
2024-07-17 20:01:19+00:00,usd_mxn,17.69,17.7,0.056
2024-07-17 20:01:20+00:00,usd_mxn,17.69,17.7,0.056
2024-07-17 20:01:21+00:00,usd_mxn,17.69,17.7,0.056
2024-07-17 20:01:22+00:00,usd_mxn,17.69,17.7,0.056
2024-07-17 20:01:23+00:00,usd_mxn,17.69,17.7,0.056
2024-07-17 20:01:24+00:00,usd_mxn,17.69,17.7,0.056
2024-07-17 20:01:25+00:00,usd_mxn,17.69,17.7,0.056
2024-07-17 20:01:26+00:00,usd_mxn,17.69,17.7,0.056
2024-07-17 20:01:27+00:00,usd_mxn,17.69,17.7,0.056
2024-07-17 20:01:28+00:00,usd_mxn,17.69,17.7,0.056
2024-07-17 20:01:29+00:00,usd_mxn,17.69,17.7,0.056
2024-07-17 20:01:30+00:00,usd_mxn,17.69,17.7,0.056
2024-07-17 20:01:31+00:00,usd_mxn,17.69,17.7,0.056
2024-07-17 20:01:32+00:00,usd_mxn,17.69,17.7,0.056
2024-07-17 20:01:33+00:00,usd_mxn,17.69,17.7,0.056
2024-07-17 20:01:34+00:00,usd_mxn,17.69,17.7,0.056
2024-07-17 20:01:36+00:00,usd_mxn,17.69,17.7,0.056
2024-07-17 20:01:37+00:00,usd_mxn,17.69,17.7,0.056
2024-07-17 20:01:38+00:00,usd_mxn,17.69,17.7,0.056
2024-07-17 20:01:39+00:00,usd_mxn,17.69,17.7,0.056
2024-07-17 20:01:40+00:00,usd_mxn,17.69,17.7,0.056
2024-07-17 20:01:41+00:00,usd_mxn,17.69,17.7,0.056
2024-07-17 20:01:42+00:00,usd_mxn,17.69,17.7,0.056
2024-07-17 20:01:43+00:00,usd_mxn,17.69,17.7,0.056
2024-07-17 20:01:44+00:00,usd_mxn,17.69,17.7,0.056
2024-07-17 20:01:45+00:00,usd_mxn,17.69,17.7,0.056
2024-07-17 20:01:46+00:00,usd_mxn,17.69,17.7,0.056
2024-07-17 20:01:48+00:00,usd_mxn,17.69,17.7,0.056
2024-07-17 20:01:49+00:00,usd_mxn,17.69,17.7,0.056
2024-07-17 20:01:50+00:00,usd_mxn,17.69,17.7,0.056
2024-07-17 20:01:51+00:00,usd_mxn,17.69,17.7,0.056
2024-07-17 20:01:52+00:00,usd_mxn,17.69,17.7,0.056
2024-07-17 20:01:53+00:00,usd_mxn,17.69,17.7,0.056
2024-07-17 20:01:54+00:00,usd_mxn,17.69,17.7,0.056
2024-07-17 20:01:55+00:00,usd_mxn,17.69,17.7,0.056
2024-07-17 20:01:56+00:00,usd_mxn,17.69,17.7,0.056
2024-07-17 20:01:57+00:00,usd_mxn,17.69,17.7,0.056
2024-07-17 20:01:58+00:00,usd_mxn,17.69,17.7,0.056
2024-07-17 20:01:59+00:00,usd_mxn,17.69,17.7,0.056
2024-07-17 20:02:00+00:00,usd_mxn,17.69,17.7,0.056
2024-07-17 20:02:01+00:00,usd_mxn,17.69,17.7,0.056
2024-07-17 20:02:02+00:00,usd_mxn,17.69,17.7,0.056
2024-07-17 20:02:03+00:00,usd_mxn,17.69,17.7,0.056
2024-07-17 20:02:04+00:00,usd_mxn,17.69,17.7,0.056
2024-07-17 20:02:05+00:00,usd_mxn,17.69,17.7,0.056
2024-07-17 20:02:06+00:00,usd_mxn,17.69,17.7,0.056
2024-07-17 20:02:07+00:00,usd_mxn,17.69,17.7,0.056
2024-07-17 20:02:08+00:00,usd_mxn,17.69,17.7,0.056
2024-07-17 20:02:09+00:00,usd_mxn,17.69,17.7,0.056
2024-07-17 20:02:10+00:00,usd_mxn,17.69,17.7,0.056
2024-07-17 20:02:11+00:00,usd_mxn,17.69,17.7,0.056
2024-07-17 20:02:12+00:00,usd_mxn,17.69,17.7,0.056
2024-07-17 20:02:13+00:00,usd_mxn,17.69,17.7,0.056
2024-07-17 20:02:14+00:00,usd_mxn,17.69,17.7,0.056
2024-07-17 20:02:15+00:00,usd_mxn,17.69,17.7,0.056
2024-07-17 20:02:16+00:00,usd_mxn,17.69,17.7,0.056
2024-07-17 20:02:17+00:00,usd_mxn,17.69,17.7,0.056
2024-07-17 20:02:18+00:00,usd_mxn,17.69,17.7,0.056
2024-07-17 20:02:19+00:00,usd_mxn,17.69,17.7,0.056
2024-07-17 20:02:20+00:00,usd_mxn,17.69,17.7,0.056
2024-07-17 20:02:21+00:00,usd_mxn,17.69,17.7,0.056
2024-07-17 20:02:22+00:00,usd_mxn,17.69,17.7,0.056
2024-07-17 20:02:23+00:00,usd_mxn,17.69,17.7,0.056
2024-07-17 20:02:24+00:00,usd_mxn,17.69,17.7,0.056
2024-07-17 20:02:25+00:00,usd_mxn,17.69,17.7,0.056
2024-07-17 20:02:26+00:00,usd_mxn,17.69,17.7,0.056
2024-07-17 20:02:27+00:00,usd_mxn,17.69,17.7,0.056
2024-07-17 20:02:28+00:00,usd_mxn,17.69,17.7,0.056
2024-07-17 20:02:29+00:00,usd_mxn,17.69,17.7,0.056
2024-07-17 20:02:30+00:00,usd_mxn,17.69,17.7,0.056
2024-07-17 20:02:31+00:00,usd_mxn,17.69,17.7,0.056
