orderbook_timestamp,book,bid,ask,spread
2024-07-17 00:53:59+00:00,btc_mxn,1154989.98,1154990.02,0.0
2024-07-17 00:54:00+00:00,btc_mxn,1154989.98,1154990.02,0.0
2024-07-17 00:54:01+00:00,btc_mxn,1154989.98,1154990.02,0.0
2024-07-17 00:54:02+00:00,btc_mxn,1154989.98,1154990.02,0.0
2024-07-17 00:54:03+00:00,btc_mxn,1154989.98,1154990.02,0.0
2024-07-17 00:54:04+00:00,btc_mxn,1154989.98,1154990.02,0.0
2024-07-17 00:54:05+00:00,btc_mxn,1154989.98,1154990.02,0.0
2024-07-17 00:54:06+00:00,btc_mxn,1154989.98,1154990.02,0.0
2024-07-17 00:54:07+00:00,btc_mxn,1154989.98,1154990.02,0.0
2024-07-17 00:54:08+00:00,btc_mxn,1154989.98,1154990.02,0.0
2024-07-17 00:54:09+00:00,btc_mxn,1154989.98,1154990.02,0.0
2024-07-17 00:54:10+00:00,btc_mxn,1154989.98,1154990.02,0.0
2024-07-17 00:54:11+00:00,btc_mxn,1154989.98,1154990.02,0.0
2024-07-17 00:54:12+00:00,btc_mxn,1154989.98,1154990.02,0.0
2024-07-17 00:54:13+00:00,btc_mxn,1154989.98,1154990.02,0.0
2024-07-17 00:54:14+00:00,btc_mxn,1154989.98,1154990.02,0.0
2024-07-17 00:54:16+00:00,btc_mxn,1154989.98,1154990.02,0.0
2024-07-17 00:54:17+00:00,btc_mxn,1154989.98,1154990.02,0.0
2024-07-17 00:54:18+00:00,btc_mxn,1154989.98,1154990.02,0.0
2024-07-17 00:54:19+00:00,btc_mxn,1154989.98,1154990.02,0.0
2024-07-17 00:54:20+00:00,btc_mxn,1154989.98,1154990.02,0.0
2024-07-17 00:54:22+00:00,btc_mxn,1154989.98,1154990.02,0.0
2024-07-17 00:54:23+00:00,btc_mxn,1154989.98,1154990.02,0.0
2024-07-17 00:54:24+00:00,btc_mxn,1154989.98,1154990.02,0.0
2024-07-17 00:54:25+00:00,btc_mxn,1154989.98,1154990.02,0.0
2024-07-17 00:54:26+00:00,btc_mxn,1154989.98,1154990.02,0.0
2024-07-17 00:54:27+00:00,btc_mxn,1154989.98,1154990.02,0.0
2024-07-17 00:54:28+00:00,btc_mxn,1154989.98,1154990.02,0.0
2024-07-17 00:54:29+00:00,btc_mxn,1154989.98,1154990.02,0.0
2024-07-17 00:54:30+00:00,btc_mxn,1154989.98,1154990.02,0.0
2024-07-17 00:54:31+00:00,btc_mxn,1154989.98,1154990.02,0.0
2024-07-17 00:54:32+00:00,btc_mxn,1154989.98,1154990.02,0.0
2024-07-17 00:54:33+00:00,btc_mxn,1154989.98,1154990.02,0.0
2024-07-17 00:54:34+00:00,btc_mxn,1154989.98,1154990.02,0.0
2024-07-17 00:54:35+00:00,btc_mxn,1154989.98,1154990.02,0.0
2024-07-17 00:54:36+00:00,btc_mxn,1154989.98,1154990.02,0.0
2024-07-17 00:54:37+00:00,btc_mxn,1154989.98,1154990.02,0.0
2024-07-17 00:54:38+00:00,btc_mxn,1154989.98,1154990.02,0.0
2024-07-17 00:54:39+00:00,btc_mxn,1154989.98,1154990.02,0.0
2024-07-17 00:54:40+00:00,btc_mxn,1154989.98,1154990.02,0.0
2024-07-17 00:54:41+00:00,btc_mxn,1154989.98,1154990.02,0.0
2024-07-17 00:54:42+00:00,btc_mxn,1154989.98,1154990.02,0.0
2024-07-17 00:54:44+00:00,btc_mxn,1154989.98,1154990.02,0.0
2024-07-17 00:54:45+00:00,btc_mxn,1154989.98,1154990.02,0.0
2024-07-17 00:54:46+00:00,btc_mxn,1154989.98,1154990.02,0.0
2024-07-17 00:54:47+00:00,btc_mxn,1154989.98,1154990.02,0.0
2024-07-17 00:54:48+00:00,btc_mxn,1154989.98,1154990.02,0.0
2024-07-17 00:54:49+00:00,btc_mxn,1154989.98,1154990.02,0.0
2024-07-17 00:54:50+00:00,btc_mxn,1154989.98,1154990.02,0.0
2024-07-17 00:54:51+00:00,btc_mxn,1154989.98,1154990.02,0.0
2024-07-17 00:54:52+00:00,btc_mxn,1154989.98,1154990.02,0.0
2024-07-17 00:54:53+00:00,btc_mxn,1154989.98,1154990.02,0.0
2024-07-17 00:54:54+00:00,btc_mxn,1154989.98,1154990.02,0.0
2024-07-17 00:54:55+00:00,btc_mxn,1154989.98,1154990.02,0.0
2024-07-17 00:54:56+00:00,btc_mxn,1154989.98,1154990.02,0.0
2024-07-17 00:54:57+00:00,btc_mxn,1154989.98,1154990.02,0.0
2024-07-17 00:54:58+00:00,btc_mxn,1154989.98,1154990.02,0.0
2024-07-17 00:54:59+00:00,btc_mxn,1154989.98,1154990.02,0.0
2024-07-17 00:55:00+00:00,btc_mxn,1154989.98,1154990.02,0.0
2024-07-17 00:55:01+00:00,btc_mxn,1154989.98,1154990.02,0.0
2024-07-17 00:55:02+00:00,btc_mxn,1154989.98,1154990.02,0.0
2024-07-17 00:55:03+00:00,btc_mxn,1154989.98,1154990.02,0.0
2024-07-17 00:55:04+00:00,btc_mxn,1154989.98,1154990.02,0.0
2024-07-17 00:55:05+00:00,btc_mxn,1154989.98,1154990.02,0.0
2024-07-17 00:55:06+00:00,btc_mxn,1154989.98,1154990.02,0.0
2024-07-17 00:55:07+00:00,btc_mxn,1154989.98,1154990.02,0.0
2024-07-17 00:55:08+00:00,btc_mxn,1154989.98,1154990.02,0.0
2024-07-17 00:55:09+00:00,btc_mxn,1154989.98,1154990.02,0.0
2024-07-17 00:55:10+00:00,btc_mxn,1154989.98,1154990.02,0.0
2024-07-17 00:55:11+00:00,btc_mxn,1154989.98,1154990.02,0.0
2024-07-17 00:55:12+00:00,btc_mxn,1154989.98,1154990.02,0.0
2024-07-17 00:55:13+00:00,btc_mxn,1154989.98,1154990.02,0.0
2024-07-17 00:55:14+00:00,btc_mxn,1154989.98,1154990.02,0.0
2024-07-17 00:55:15+00:00,btc_mxn,1154989.98,1154990.02,0.0
2024-07-17 00:55:17+00:00,btc_mxn,1154989.98,1154990.02,0.0
2024-07-17 00:55:17+00:00,btc_mxn,1154989.98,1154990.02,0.0
2024-07-17 00:55:19+00:00,btc_mxn,1154989.98,1154990.02,0.0
2024-07-17 00:55:20+00:00,btc_mxn,1154989.98,1154990.02,0.0
2024-07-17 00:55:21+00:00,btc_mxn,1154989.98,1154990.02,0.0
2024-07-17 00:55:22+00:00,btc_mxn,1154989.98,1154990.02,0.0
2024-07-17 00:55:23+00:00,btc_mxn,1154989.98,1154990.02,0.0
2024-07-17 00:55:24+00:00,btc_mxn,1154989.98,1154990.02,0.0
2024-07-17 00:55:25+00:00,btc_mxn,1154989.98,1154990.02,0.0
2024-07-17 00:55:26+00:00,btc_mxn,1154989.98,1154990.02,0.0
2024-07-17 00:55:27+00:00,btc_mxn,1154989.98,1154990.02,0.0
2024-07-17 00:55:28+00:00,btc_mxn,1154989.98,1154990.02,0.0
2024-07-17 00:55:29+00:00,btc_mxn,1154989.98,1154990.02,0.0
2024-07-17 00:55:30+00:00,btc_mxn,1154989.98,1154990.02,0.0
2024-07-17 00:55:31+00:00,btc_mxn,1154989.98,1154990.02,0.0
2024-07-17 00:55:32+00:00,btc_mxn,1154989.98,1154990.02,0.0
2024-07-17 00:55:33+00:00,btc_mxn,1154989.98,1154990.02,0.0
2024-07-17 00:55:34+00:00,btc_mxn,1154989.98,1154990.02,0.0
2024-07-17 00:55:35+00:00,btc_mxn,1154989.98,1154990.02,0.0
2024-07-17 00:55:36+00:00,btc_mxn,1154989.98,1154990.02,0.0
2024-07-17 00:55:37+00:00,btc_mxn,1154989.98,1154990.02,0.0
2024-07-17 00:55:38+00:00,btc_mxn,1154989.98,1154990.02,0.0
2024-07-17 00:55:39+00:00,btc_mxn,1154989.98,1154990.02,0.0
2024-07-17 00:55:40+00:00,btc_mxn,1154989.98,1154990.02,0.0
2024-07-17 00:55:41+00:00,btc_mxn,1154989.98,1154990.02,0.0
2024-07-17 00:55:42+00:00,btc_mxn,1154989.98,1154990.02,0.0
2024-07-17 00:55:43+00:00,btc_mxn,1154989.98,1154990.02,0.0
2024-07-17 00:55:44+00:00,btc_mxn,1154989.98,1154990.02,0.0
2024-07-17 00:55:45+00:00,btc_mxn,1154989.98,1154990.02,0.0
2024-07-17 00:55:46+00:00,btc_mxn,1154989.98,1154990.02,0.0
2024-07-17 00:55:47+00:00,btc_mxn,1154989.98,1154990.02,0.0
2024-07-17 00:55:48+00:00,btc_mxn,1154989.98,1154990.02,0.0
2024-07-17 00:55:49+00:00,btc_mxn,1154989.98,1154990.02,0.0
2024-07-17 00:55:50+00:00,btc_mxn,1154989.98,1154990.02,0.0
2024-07-17 00:55:51+00:00,btc_mxn,1154989.98,1154990.02,0.0
2024-07-17 00:55:52+00:00,btc_mxn,1154989.98,1154990.02,0.0
2024-07-17 00:55:53+00:00,btc_mxn,1154989.98,1154990.02,0.0
2024-07-17 00:55:54+00:00,btc_mxn,1154989.98,1154990.02,0.0
2024-07-17 00:55:55+00:00,btc_mxn,1154989.98,1154990.02,0.0
2024-07-17 00:55:56+00:00,btc_mxn,1154989.98,1154990.02,0.0
2024-07-17 00:55:57+00:00,btc_mxn,1154989.98,1154990.02,0.0
2024-07-17 00:55:58+00:00,btc_mxn,1154989.98,1154990.02,0.0
2024-07-17 00:55:59+00:00,btc_mxn,1154989.98,1154990.02,0.0
2024-07-17 00:56:00+00:00,btc_mxn,1154989.98,1154990.02,0.0
2024-07-17 00:56:01+00:00,btc_mxn,1154989.98,1154990.02,0.0
2024-07-17 00:56:02+00:00,btc_mxn,1154989.98,1154990.02,0.0
2024-07-17 00:56:03+00:00,btc_mxn,1154989.98,1154990.02,0.0
2024-07-17 00:56:04+00:00,btc_mxn,1154989.98,1154990.02,0.0
2024-07-17 00:56:05+00:00,btc_mxn,1154989.98,1154990.02,0.0
2024-07-17 00:56:06+00:00,btc_mxn,1154989.98,1154990.02,0.0
2024-07-17 00:56:07+00:00,btc_mxn,1154989.98,1154990.02,0.0
2024-07-17 00:56:08+00:00,btc_mxn,1154989.98,1154990.02,0.0
2024-07-17 00:56:09+00:00,btc_mxn,1154989.98,1154990.02,0.0
2024-07-17 00:56:10+00:00,btc_mxn,1154989.98,1154990.02,0.0
2024-07-17 00:56:11+00:00,btc_mxn,1154989.98,1154990.02,0.0
2024-07-17 00:56:12+00:00,btc_mxn,1154989.98,1154990.02,0.0
2024-07-17 00:56:13+00:00,btc_mxn,1154989.98,1154990.02,0.0
2024-07-17 00:56:14+00:00,btc_mxn,1154989.98,1154990.02,0.0
2024-07-17 00:56:15+00:00,btc_mxn,1154989.98,1154990.02,0.0
2024-07-17 00:56:16+00:00,btc_mxn,1154989.98,1154990.02,0.0
2024-07-17 00:56:17+00:00,btc_mxn,1154989.98,1154990.02,0.0
2024-07-17 00:56:18+00:00,btc_mxn,1154989.98,1154990.02,0.0
2024-07-17 00:56:19+00:00,btc_mxn,1154989.98,1154990.02,0.0
2024-07-17 00:56:20+00:00,btc_mxn,1154989.98,1154990.02,0.0
2024-07-17 00:56:21+00:00,btc_mxn,1154989.98,1154990.02,0.0
2024-07-17 00:56:22+00:00,btc_mxn,1154989.98,1154990.02,0.0
2024-07-17 00:56:23+00:00,btc_mxn,1154989.98,1154990.02,0.0
2024-07-17 00:56:24+00:00,btc_mxn,1154989.98,1154990.02,0.0
2024-07-17 00:56:25+00:00,btc_mxn,1154989.98,1154990.02,0.0
2024-07-17 00:56:26+00:00,btc_mxn,1154989.98,1154990.02,0.0
2024-07-17 00:56:27+00:00,btc_mxn,1154989.98,1154990.02,0.0
2024-07-17 00:56:29+00:00,btc_mxn,1154989.98,1154990.02,0.0
2024-07-17 00:56:30+00:00,btc_mxn,1154989.98,1154990.02,0.0
2024-07-17 00:56:31+00:00,btc_mxn,1154989.98,1154990.02,0.0
2024-07-17 00:56:32+00:00,btc_mxn,1154989.98,1154990.02,0.0
2024-07-17 00:56:33+00:00,btc_mxn,1154989.98,1154990.02,0.0
2024-07-17 00:56:34+00:00,btc_mxn,1154989.98,1154990.02,0.0
2024-07-17 00:56:35+00:00,btc_mxn,1154989.98,1154990.02,0.0
2024-07-17 00:56:36+00:00,btc_mxn,1154989.98,1154990.02,0.0
2024-07-17 00:56:37+00:00,btc_mxn,1154989.98,1154990.02,0.0
2024-07-17 00:56:38+00:00,btc_mxn,1154989.98,1154990.02,0.0
2024-07-17 00:56:39+00:00,btc_mxn,1154989.98,1154990.02,0.0
2024-07-17 00:56:40+00:00,btc_mxn,1154989.98,1154990.02,0.0
2024-07-17 00:56:41+00:00,btc_mxn,1154989.98,1154990.02,0.0
2024-07-17 00:56:42+00:00,btc_mxn,1154989.98,1154990.02,0.0
2024-07-17 00:56:43+00:00,btc_mxn,1154989.98,1154990.02,0.0
2024-07-17 00:56:44+00:00,btc_mxn,1154989.98,1154990.02,0.0
2024-07-17 00:56:45+00:00,btc_mxn,1154989.98,1154990.02,0.0
2024-07-17 00:56:46+00:00,btc_mxn,1154989.98,1154990.02,0.0
2024-07-17 00:56:47+00:00,btc_mxn,1154989.98,1154990.02,0.0
2024-07-17 00:56:48+00:00,btc_mxn,1154989.98,1154990.02,0.0
2024-07-17 00:56:49+00:00,btc_mxn,1154989.98,1154990.02,0.0
2024-07-17 00:56:50+00:00,btc_mxn,1154989.98,1154990.02,0.0
2024-07-17 00:56:52+00:00,btc_mxn,1154989.98,1154990.02,0.0
2024-07-17 00:56:52+00:00,btc_mxn,1154989.98,1154990.02,0.0
2024-07-17 00:56:53+00:00,btc_mxn,1154989.98,1154990.02,0.0
2024-07-17 00:56:54+00:00,btc_mxn,1154989.98,1154990.02,0.0
2024-07-17 00:56:55+00:00,btc_mxn,1154989.98,1154990.02,0.0
2024-07-17 00:56:56+00:00,btc_mxn,1154989.98,1154990.02,0.0
2024-07-17 00:56:57+00:00,btc_mxn,1154989.98,1154990.02,0.0
2024-07-17 00:56:58+00:00,btc_mxn,1154989.98,1154990.02,0.0
2024-07-17 00:56:59+00:00,btc_mxn,1154989.98,1154990.02,0.0
2024-07-17 00:57:00+00:00,btc_mxn,1154989.98,1154990.02,0.0
2024-07-17 00:57:01+00:00,btc_mxn,1154989.98,1154990.02,0.0
2024-07-17 00:57:02+00:00,btc_mxn,1154989.98,1154990.02,0.0
2024-07-17 00:57:03+00:00,btc_mxn,1154989.98,1154990.02,0.0
2024-07-17 00:57:04+00:00,btc_mxn,1154989.98,1154990.02,0.0
2024-07-17 00:57:05+00:00,btc_mxn,1154989.98,1154990.02,0.0
2024-07-17 00:57:06+00:00,btc_mxn,1154989.98,1154990.02,0.0
2024-07-17 00:57:07+00:00,btc_mxn,1154919.98,1154920.02,0.0
2024-07-17 00:57:08+00:00,btc_mxn,1154919.98,1154920.02,0.0
2024-07-17 00:57:09+00:00,btc_mxn,1154919.98,1154920.02,0.0
2024-07-17 00:57:10+00:00,btc_mxn,1154919.98,1154920.02,0.0
2024-07-17 00:57:11+00:00,btc_mxn,1154919.98,1154920.02,0.0
2024-07-17 00:57:12+00:00,btc_mxn,1154919.98,1154920.02,0.0
2024-07-17 00:57:13+00:00,btc_mxn,1154919.98,1154920.02,0.0
2024-07-17 00:57:14+00:00,btc_mxn,1154919.98,1154920.02,0.0
2024-07-17 00:57:15+00:00,btc_mxn,1154919.98,1154920.02,0.0
2024-07-17 00:57:16+00:00,btc_mxn,1154919.98,1154920.02,0.0
2024-07-17 00:57:17+00:00,btc_mxn,1154919.98,1154920.02,0.0
2024-07-17 00:57:18+00:00,btc_mxn,1154919.98,1154920.02,0.0
2024-07-17 00:57:19+00:00,btc_mxn,1154919.98,1154920.02,0.0
2024-07-17 00:57:20+00:00,btc_mxn,1154919.98,1154920.02,0.0
2024-07-17 00:57:21+00:00,btc_mxn,1154919.98,1154920.02,0.0
2024-07-17 00:57:22+00:00,btc_mxn,1154919.98,1154920.02,0.0
2024-07-17 00:57:23+00:00,btc_mxn,1154919.98,1154920.02,0.0
2024-07-17 00:57:24+00:00,btc_mxn,1154919.98,1154920.02,0.0
2024-07-17 00:57:25+00:00,btc_mxn,1154919.98,1154920.02,0.0
2024-07-17 00:57:27+00:00,btc_mxn,1154919.98,1154920.02,0.0
2024-07-17 00:57:28+00:00,btc_mxn,1154919.98,1154920.02,0.0
2024-07-17 00:57:29+00:00,btc_mxn,1154919.98,1154920.02,0.0
2024-07-17 00:57:29+00:00,btc_mxn,1154919.98,1154920.02,0.0
2024-07-17 00:57:30+00:00,btc_mxn,1154919.98,1154920.02,0.0
2024-07-17 00:57:32+00:00,btc_mxn,1154919.98,1154920.02,0.0
2024-07-17 00:57:33+00:00,btc_mxn,1154919.98,1154920.02,0.0
2024-07-17 00:57:34+00:00,btc_mxn,1154919.98,1154920.02,0.0
2024-07-17 00:57:35+00:00,btc_mxn,1154919.98,1154920.02,0.0
2024-07-17 00:57:36+00:00,btc_mxn,1154919.98,1154920.02,0.0
2024-07-17 00:57:37+00:00,btc_mxn,1154919.98,1154920.02,0.0
2024-07-17 00:57:38+00:00,btc_mxn,1154919.98,1154920.02,0.0
2024-07-17 00:57:40+00:00,btc_mxn,1154919.98,1154920.02,0.0
2024-07-17 00:57:41+00:00,btc_mxn,1154919.98,1154920.02,0.0
2024-07-17 00:57:42+00:00,btc_mxn,1154919.98,1154920.02,0.0
2024-07-17 00:57:43+00:00,btc_mxn,1154919.98,1154920.02,0.0
2024-07-17 00:57:44+00:00,btc_mxn,1154919.98,1154920.02,0.0
2024-07-17 00:57:45+00:00,btc_mxn,1154919.98,1154920.02,0.0
2024-07-17 00:57:46+00:00,btc_mxn,1154919.98,1154920.02,0.0
2024-07-17 00:57:47+00:00,btc_mxn,1154919.98,1154920.02,0.0
2024-07-17 00:57:48+00:00,btc_mxn,1154919.98,1154920.02,0.0
2024-07-17 00:57:49+00:00,btc_mxn,1154919.98,1154920.02,0.0
2024-07-17 00:57:50+00:00,btc_mxn,1154919.98,1154920.02,0.0
2024-07-17 00:57:51+00:00,btc_mxn,1154919.98,1154920.02,0.0
2024-07-17 00:57:52+00:00,btc_mxn,1154919.98,1154920.02,0.0
2024-07-17 00:57:53+00:00,btc_mxn,1154919.98,1154920.02,0.0
2024-07-17 00:57:54+00:00,btc_mxn,1154919.98,1154920.02,0.0
2024-07-17 00:57:55+00:00,btc_mxn,1154919.98,1154920.02,0.0
2024-07-17 00:57:56+00:00,btc_mxn,1154919.98,1154920.02,0.0
2024-07-17 00:57:57+00:00,btc_mxn,1154919.98,1154920.02,0.0
2024-07-17 00:57:58+00:00,btc_mxn,1154919.98,1154920.02,0.0
2024-07-17 00:57:59+00:00,btc_mxn,1154919.98,1154920.02,0.0
2024-07-17 00:58:00+00:00,btc_mxn,1154919.98,1154920.02,0.0
2024-07-17 00:58:01+00:00,btc_mxn,1154919.98,1154920.02,0.0
2024-07-17 00:58:02+00:00,btc_mxn,1154919.98,1154920.02,0.0
2024-07-17 00:58:03+00:00,btc_mxn,1154919.98,1154920.02,0.0
2024-07-17 00:58:04+00:00,btc_mxn,1154919.98,1154920.02,0.0
2024-07-17 00:58:05+00:00,btc_mxn,1154919.98,1154920.02,0.0
2024-07-17 00:58:06+00:00,btc_mxn,1154919.98,1154920.02,0.0
2024-07-17 00:58:07+00:00,btc_mxn,1154919.98,1154920.02,0.0
2024-07-17 00:58:08+00:00,btc_mxn,1154919.98,1154920.02,0.0
2024-07-17 00:58:09+00:00,btc_mxn,1154919.98,1154920.02,0.0
2024-07-17 00:58:10+00:00,btc_mxn,1154919.98,1154920.02,0.0
2024-07-17 00:58:11+00:00,btc_mxn,1154919.98,1154920.02,0.0
2024-07-17 00:58:12+00:00,btc_mxn,1154919.98,1154920.02,0.0
2024-07-17 00:58:13+00:00,btc_mxn,1154919.98,1154920.02,0.0
2024-07-17 00:58:14+00:00,btc_mxn,1154919.98,1154920.02,0.0
2024-07-17 00:58:15+00:00,btc_mxn,1154919.98,1154920.02,0.0
2024-07-17 00:58:16+00:00,btc_mxn,1154919.98,1154920.02,0.0
2024-07-17 00:58:17+00:00,btc_mxn,1154919.98,1154920.02,0.0
2024-07-17 00:58:18+00:00,btc_mxn,1154919.98,1154920.02,0.0
2024-07-17 00:58:19+00:00,btc_mxn,1154919.98,1154920.02,0.0
2024-07-17 00:58:20+00:00,btc_mxn,1154919.98,1154920.02,0.0
2024-07-17 00:58:21+00:00,btc_mxn,1154919.98,1154920.02,0.0
2024-07-17 00:58:22+00:00,btc_mxn,1154919.98,1154920.02,0.0
2024-07-17 00:58:23+00:00,btc_mxn,1154919.98,1154920.02,0.0
2024-07-17 00:58:24+00:00,btc_mxn,1154919.98,1154920.02,0.0
2024-07-17 00:58:25+00:00,btc_mxn,1154919.98,1154920.02,0.0
2024-07-17 00:58:26+00:00,btc_mxn,1154919.98,1154920.02,0.0
2024-07-17 00:58:27+00:00,btc_mxn,1154919.98,1154920.02,0.0
2024-07-17 00:58:29+00:00,btc_mxn,1154919.98,1154920.02,0.0
2024-07-17 00:58:30+00:00,btc_mxn,1154919.98,1154920.02,0.0
2024-07-17 00:58:31+00:00,btc_mxn,1154919.98,1154920.02,0.0
2024-07-17 00:58:32+00:00,btc_mxn,1154919.98,1154920.02,0.0
2024-07-17 00:58:33+00:00,btc_mxn,1154919.98,1154920.02,0.0
2024-07-17 00:58:34+00:00,btc_mxn,1154919.98,1154920.02,0.0
2024-07-17 00:58:35+00:00,btc_mxn,1154919.98,1154920.02,0.0
2024-07-17 00:58:36+00:00,btc_mxn,1154919.98,1154920.02,0.0
2024-07-17 00:58:37+00:00,btc_mxn,1154919.98,1154920.02,0.0
2024-07-17 00:58:38+00:00,btc_mxn,1154919.98,1154920.02,0.0
2024-07-17 00:58:39+00:00,btc_mxn,1154919.98,1154920.02,0.0
2024-07-17 00:58:40+00:00,btc_mxn,1154919.98,1154920.02,0.0
2024-07-17 00:58:41+00:00,btc_mxn,1154919.98,1154920.02,0.0
2024-07-17 00:58:42+00:00,btc_mxn,1154919.98,1154920.02,0.0
2024-07-17 00:58:43+00:00,btc_mxn,1154919.98,1154920.02,0.0
2024-07-17 00:58:44+00:00,btc_mxn,1154919.98,1154920.02,0.0
2024-07-17 00:58:45+00:00,btc_mxn,1154919.98,1154920.02,0.0
2024-07-17 00:58:46+00:00,btc_mxn,1154919.98,1154920.02,0.0
2024-07-17 00:58:47+00:00,btc_mxn,1154919.98,1154920.02,0.0
2024-07-17 00:58:48+00:00,btc_mxn,1154919.98,1154920.02,0.0
2024-07-17 00:58:49+00:00,btc_mxn,1154919.98,1154920.02,0.0
2024-07-17 00:58:50+00:00,btc_mxn,1154919.98,1154920.02,0.0
2024-07-17 00:58:51+00:00,btc_mxn,1154919.98,1154920.02,0.0
2024-07-17 00:58:52+00:00,btc_mxn,1154919.98,1154920.02,0.0
2024-07-17 00:58:53+00:00,btc_mxn,1154919.98,1154920.02,0.0
2024-07-17 00:58:54+00:00,btc_mxn,1154919.98,1154920.02,0.0
2024-07-17 00:58:55+00:00,btc_mxn,1154919.98,1154920.02,0.0
2024-07-17 00:58:56+00:00,btc_mxn,1154919.98,1154920.02,0.0
2024-07-17 00:58:57+00:00,btc_mxn,1154919.98,1154920.02,0.0
2024-07-17 00:58:58+00:00,btc_mxn,1154919.98,1154920.02,0.0
2024-07-17 00:58:59+00:00,btc_mxn,1154919.98,1154920.02,0.0
2024-07-17 00:59:00+00:00,btc_mxn,1154919.98,1154920.02,0.0
2024-07-17 00:59:01+00:00,btc_mxn,1154919.98,1154920.02,0.0
2024-07-17 00:59:02+00:00,btc_mxn,1154919.98,1154920.02,0.0
2024-07-17 00:59:03+00:00,btc_mxn,1154919.98,1154920.02,0.0
2024-07-17 00:59:04+00:00,btc_mxn,1154919.98,1154920.02,0.0
2024-07-17 00:59:05+00:00,btc_mxn,1154919.98,1154920.02,0.0
2024-07-17 00:59:06+00:00,btc_mxn,1154919.98,1154920.02,0.0
2024-07-17 00:59:07+00:00,btc_mxn,1154919.98,1154920.02,0.0
2024-07-17 00:59:09+00:00,btc_mxn,1154919.98,1154920.02,0.0
2024-07-17 00:59:09+00:00,btc_mxn,1154919.98,1154920.02,0.0
2024-07-17 00:59:10+00:00,btc_mxn,1154919.98,1154920.02,0.0
2024-07-17 00:59:11+00:00,btc_mxn,1154919.98,1154920.02,0.0
2024-07-17 00:59:12+00:00,btc_mxn,1154919.98,1154920.02,0.0
2024-07-17 00:59:13+00:00,btc_mxn,1154919.98,1154920.02,0.0
2024-07-17 00:59:14+00:00,btc_mxn,1154919.98,1154920.02,0.0
2024-07-17 00:59:15+00:00,btc_mxn,1154919.98,1154920.02,0.0
2024-07-17 00:59:17+00:00,btc_mxn,1154919.98,1154920.02,0.0
2024-07-17 00:59:18+00:00,btc_mxn,1154919.98,1154920.02,0.0
2024-07-17 00:59:19+00:00,btc_mxn,1154919.98,1154920.02,0.0
2024-07-17 00:59:20+00:00,btc_mxn,1154919.98,1154920.02,0.0
2024-07-17 00:59:21+00:00,btc_mxn,1154919.98,1154920.02,0.0
2024-07-17 00:59:22+00:00,btc_mxn,1154919.98,1154920.02,0.0
2024-07-17 00:59:23+00:00,btc_mxn,1154919.98,1154920.02,0.0
2024-07-17 00:59:24+00:00,btc_mxn,1154919.98,1154920.02,0.0
2024-07-17 00:59:25+00:00,btc_mxn,1154919.98,1154920.02,0.0
2024-07-17 00:59:26+00:00,btc_mxn,1154919.98,1154920.02,0.0
2024-07-17 00:59:27+00:00,btc_mxn,1154919.98,1154920.02,0.0
2024-07-17 00:59:28+00:00,btc_mxn,1154919.98,1154920.02,0.0
2024-07-17 00:59:29+00:00,btc_mxn,1154919.98,1154920.02,0.0
2024-07-17 00:59:30+00:00,btc_mxn,1154919.98,1154920.02,0.0
2024-07-17 00:59:31+00:00,btc_mxn,1154919.98,1154920.02,0.0
2024-07-17 00:59:32+00:00,btc_mxn,1154919.98,1154920.02,0.0
2024-07-17 00:59:33+00:00,btc_mxn,1154919.98,1154920.02,0.0
2024-07-17 00:59:34+00:00,btc_mxn,1154919.98,1154920.02,0.0
2024-07-17 00:59:35+00:00,btc_mxn,1154919.98,1154920.02,0.0
2024-07-17 00:59:36+00:00,btc_mxn,1154919.98,1154920.02,0.0
2024-07-17 00:59:37+00:00,btc_mxn,1154919.98,1154920.02,0.0
2024-07-17 00:59:38+00:00,btc_mxn,1154919.98,1154920.02,0.0
2024-07-17 00:59:39+00:00,btc_mxn,1154919.98,1154920.02,0.0
2024-07-17 00:59:40+00:00,btc_mxn,1154919.98,1154920.02,0.0
2024-07-17 00:59:41+00:00,btc_mxn,1154919.98,1154920.02,0.0
2024-07-17 00:59:42+00:00,btc_mxn,1154919.98,1154920.02,0.0
2024-07-17 00:59:43+00:00,btc_mxn,1154919.98,1154920.02,0.0
2024-07-17 00:59:44+00:00,btc_mxn,1154919.98,1154920.02,0.0
2024-07-17 00:59:45+00:00,btc_mxn,1154919.98,1154920.02,0.0
2024-07-17 00:59:46+00:00,btc_mxn,1154919.98,1154920.02,0.0
2024-07-17 00:59:47+00:00,btc_mxn,1154919.98,1154920.02,0.0
2024-07-17 00:59:48+00:00,btc_mxn,1154919.98,1154920.02,0.0
2024-07-17 00:59:49+00:00,btc_mxn,1154919.98,1154920.02,0.0
2024-07-17 00:59:50+00:00,btc_mxn,1154919.98,1154920.02,0.0
2024-07-17 00:59:51+00:00,btc_mxn,1154919.98,1154920.02,0.0
2024-07-17 00:59:52+00:00,btc_mxn,1154919.98,1154920.02,0.0
2024-07-17 00:59:53+00:00,btc_mxn,1154919.98,1154920.02,0.0
2024-07-17 00:59:54+00:00,btc_mxn,1154919.98,1154920.02,0.0
2024-07-17 00:59:55+00:00,btc_mxn,1154919.98,1154920.02,0.0
2024-07-17 00:59:56+00:00,btc_mxn,1154919.98,1154920.02,0.0
2024-07-17 00:59:57+00:00,btc_mxn,1154919.98,1154920.02,0.0
2024-07-17 00:59:58+00:00,btc_mxn,1154919.98,1154920.02,0.0
2024-07-17 00:59:59+00:00,btc_mxn,1154919.98,1154920.02,0.0
2024-07-17 01:00:00+00:00,btc_mxn,1154919.98,1154920.02,0.0
2024-07-17 01:00:01+00:00,btc_mxn,1154919.98,1154920.02,0.0
2024-07-17 01:00:02+00:00,btc_mxn,1154919.98,1154920.02,0.0
2024-07-17 01:00:03+00:00,btc_mxn,1154919.98,1154920.02,0.0
2024-07-17 01:00:04+00:00,btc_mxn,1154919.98,1154920.02,0.0
2024-07-17 01:00:05+00:00,btc_mxn,1154919.98,1154920.02,0.0
2024-07-17 01:00:06+00:00,btc_mxn,1154919.98,1154920.02,0.0
2024-07-17 01:00:07+00:00,btc_mxn,1154919.98,1154920.02,0.0
2024-07-17 01:00:08+00:00,btc_mxn,1154919.98,1154920.02,0.0
2024-07-17 01:00:09+00:00,btc_mxn,1154919.98,1154920.02,0.0
2024-07-17 01:00:10+00:00,btc_mxn,1154919.98,1154920.02,0.0
2024-07-17 01:00:11+00:00,btc_mxn,1154919.98,1154920.02,0.0
2024-07-17 01:00:12+00:00,btc_mxn,1154919.98,1154920.02,0.0
2024-07-17 01:00:13+00:00,btc_mxn,1154919.98,1154920.02,0.0
2024-07-17 01:00:14+00:00,btc_mxn,1154919.98,1154920.02,0.0
2024-07-17 01:00:15+00:00,btc_mxn,1154919.98,1154920.02,0.0
2024-07-17 01:00:16+00:00,btc_mxn,1154919.98,1154920.02,0.0
2024-07-17 01:00:18+00:00,btc_mxn,1154919.98,1154920.02,0.0
2024-07-17 01:00:19+00:00,btc_mxn,1154919.98,1154920.02,0.0
2024-07-17 01:00:20+00:00,btc_mxn,1154919.98,1154920.02,0.0
2024-07-17 01:00:21+00:00,btc_mxn,1154919.98,1154920.02,0.0
2024-07-17 01:00:22+00:00,btc_mxn,1154919.98,1154920.02,0.0
2024-07-17 01:00:23+00:00,btc_mxn,1154919.98,1154920.02,0.0
2024-07-17 01:00:24+00:00,btc_mxn,1154919.98,1154920.02,0.0
2024-07-17 01:00:25+00:00,btc_mxn,1154919.98,1154920.02,0.0
2024-07-17 01:00:26+00:00,btc_mxn,1154919.98,1154920.02,0.0
2024-07-17 01:00:27+00:00,btc_mxn,1154919.98,1154920.02,0.0
2024-07-17 01:00:28+00:00,btc_mxn,1154919.98,1154920.02,0.0
2024-07-17 01:00:30+00:00,btc_mxn,1154919.98,1154920.02,0.0
2024-07-17 01:00:31+00:00,btc_mxn,1154919.98,1154920.02,0.0
2024-07-17 01:00:32+00:00,btc_mxn,1154919.98,1154920.02,0.0
2024-07-17 01:00:33+00:00,btc_mxn,1154919.98,1154920.02,0.0
2024-07-17 01:00:34+00:00,btc_mxn,1154919.98,1154920.02,0.0
2024-07-17 01:00:35+00:00,btc_mxn,1154919.98,1154920.02,0.0
2024-07-17 01:00:36+00:00,btc_mxn,1154919.98,1154920.02,0.0
2024-07-17 01:00:37+00:00,btc_mxn,1154919.98,1154920.02,0.0
2024-07-17 01:00:38+00:00,btc_mxn,1154919.98,1154920.02,0.0
2024-07-17 01:00:39+00:00,btc_mxn,1154919.98,1154920.02,0.0
2024-07-17 01:00:40+00:00,btc_mxn,1154919.98,1154920.02,0.0
2024-07-17 01:00:41+00:00,btc_mxn,1154919.98,1154920.02,0.0
2024-07-17 01:00:42+00:00,btc_mxn,1154919.98,1154920.02,0.0
2024-07-17 01:00:43+00:00,btc_mxn,1154919.98,1154920.02,0.0
2024-07-17 01:00:44+00:00,btc_mxn,1154919.98,1154920.02,0.0
2024-07-17 01:00:45+00:00,btc_mxn,1154919.98,1154920.02,0.0
2024-07-17 01:00:46+00:00,btc_mxn,1154919.98,1154920.02,0.0
2024-07-17 01:00:47+00:00,btc_mxn,1154919.98,1154920.02,0.0
2024-07-17 01:00:48+00:00,btc_mxn,1154919.98,1154920.02,0.0
2024-07-17 01:00:49+00:00,btc_mxn,1154919.98,1154920.02,0.0
2024-07-17 01:00:50+00:00,btc_mxn,1154919.98,1154920.02,0.0
2024-07-17 01:00:51+00:00,btc_mxn,1154919.98,1154920.02,0.0
2024-07-17 01:00:52+00:00,btc_mxn,1154919.98,1154920.02,0.0
2024-07-17 01:00:53+00:00,btc_mxn,1154919.98,1154920.02,0.0
2024-07-17 01:00:54+00:00,btc_mxn,1154919.98,1154920.02,0.0
2024-07-17 01:00:55+00:00,btc_mxn,1154919.98,1154920.02,0.0
2024-07-17 01:00:56+00:00,btc_mxn,1154919.98,1154920.02,0.0
2024-07-17 01:00:57+00:00,btc_mxn,1154919.98,1154920.02,0.0
2024-07-17 01:00:58+00:00,btc_mxn,1154919.98,1154920.02,0.0
2024-07-17 01:00:59+00:00,btc_mxn,1154919.98,1154920.02,0.0
2024-07-17 01:01:00+00:00,btc_mxn,1154919.98,1154920.02,0.0
2024-07-17 01:01:01+00:00,btc_mxn,1154919.98,1154920.02,0.0
2024-07-17 01:01:02+00:00,btc_mxn,1154919.98,1154920.02,0.0
2024-07-17 01:01:03+00:00,btc_mxn,1154919.98,1154920.02,0.0
2024-07-17 01:01:04+00:00,btc_mxn,1154919.98,1154920.02,0.0
2024-07-17 01:01:05+00:00,btc_mxn,1154919.98,1154920.02,0.0
2024-07-17 01:01:06+00:00,btc_mxn,1154919.98,1154920.02,0.0
2024-07-17 01:01:07+00:00,btc_mxn,1154919.98,1154920.02,0.0
2024-07-17 01:01:08+00:00,btc_mxn,1154919.98,1154920.02,0.0
2024-07-17 01:01:09+00:00,btc_mxn,1154919.98,1154920.02,0.0
2024-07-17 01:01:10+00:00,btc_mxn,1154919.98,1154920.02,0.0
2024-07-17 01:01:11+00:00,btc_mxn,1154919.98,1154920.02,0.0
2024-07-17 01:01:12+00:00,btc_mxn,1154919.98,1154920.02,0.0
2024-07-17 01:01:13+00:00,btc_mxn,1154919.98,1154920.02,0.0
2024-07-17 01:01:14+00:00,btc_mxn,1154919.98,1154920.02,0.0
2024-07-17 01:01:15+00:00,btc_mxn,1154919.98,1154920.02,0.0
2024-07-17 01:01:16+00:00,btc_mxn,1154919.98,1154920.02,0.0
2024-07-17 01:01:17+00:00,btc_mxn,1154919.98,1154920.02,0.0
2024-07-17 01:01:18+00:00,btc_mxn,1154919.98,1154920.02,0.0
2024-07-17 01:01:19+00:00,btc_mxn,1154919.98,1154920.02,0.0
2024-07-17 01:01:20+00:00,btc_mxn,1154919.98,1154920.02,0.0
2024-07-17 01:01:21+00:00,btc_mxn,1154919.98,1154920.02,0.0
2024-07-17 01:01:22+00:00,btc_mxn,1154919.98,1154920.02,0.0
2024-07-17 01:01:23+00:00,btc_mxn,1154919.98,1154920.02,0.0
2024-07-17 01:01:24+00:00,btc_mxn,1154919.98,1154920.02,0.0
2024-07-17 01:01:25+00:00,btc_mxn,1154919.98,1154920.02,0.0
2024-07-17 01:01:26+00:00,btc_mxn,1154919.98,1154920.02,0.0
2024-07-17 01:01:28+00:00,btc_mxn,1154919.98,1154920.02,0.0
2024-07-17 01:01:28+00:00,btc_mxn,1154919.98,1154920.02,0.0
2024-07-17 01:01:29+00:00,btc_mxn,1154919.98,1154920.02,0.0
2024-07-17 01:01:30+00:00,btc_mxn,1154919.98,1154920.02,0.0
2024-07-17 01:01:32+00:00,btc_mxn,1154919.98,1154920.02,0.0
2024-07-17 01:01:33+00:00,btc_mxn,1154919.98,1154920.02,0.0
2024-07-17 01:01:34+00:00,btc_mxn,1154919.98,1154920.02,0.0
2024-07-17 01:01:35+00:00,btc_mxn,1154919.98,1154920.02,0.0
2024-07-17 01:01:36+00:00,btc_mxn,1154919.98,1154920.02,0.0
2024-07-17 01:01:37+00:00,btc_mxn,1154919.98,1154920.02,0.0
2024-07-17 01:01:38+00:00,btc_mxn,1154919.98,1154920.02,0.0
2024-07-17 01:01:39+00:00,btc_mxn,1154919.98,1154920.02,0.0
2024-07-17 01:01:40+00:00,btc_mxn,1154919.98,1154920.02,0.0
2024-07-17 01:01:41+00:00,btc_mxn,1154919.98,1154920.02,0.0
2024-07-17 01:01:42+00:00,btc_mxn,1154919.98,1154920.02,0.0
2024-07-17 01:01:43+00:00,btc_mxn,1154919.98,1154920.02,0.0
2024-07-17 01:01:44+00:00,btc_mxn,1154919.98,1154920.02,0.0
2024-07-17 01:01:45+00:00,btc_mxn,1154919.98,1154920.02,0.0
2024-07-17 01:01:46+00:00,btc_mxn,1154919.98,1154920.02,0.0
2024-07-17 01:01:47+00:00,btc_mxn,1154919.98,1154920.02,0.0
2024-07-17 01:01:48+00:00,btc_mxn,1154919.98,1154920.02,0.0
2024-07-17 01:01:49+00:00,btc_mxn,1154919.98,1154920.02,0.0
2024-07-17 01:01:50+00:00,btc_mxn,1154919.98,1154920.02,0.0
2024-07-17 01:01:51+00:00,btc_mxn,1154919.98,1154920.02,0.0
2024-07-17 01:01:52+00:00,btc_mxn,1154919.98,1154920.02,0.0
2024-07-17 01:01:53+00:00,btc_mxn,1154919.98,1154920.02,0.0
2024-07-17 01:01:54+00:00,btc_mxn,1154919.98,1154920.02,0.0
2024-07-17 01:01:55+00:00,btc_mxn,1154919.98,1154920.02,0.0
2024-07-17 01:01:56+00:00,btc_mxn,1154919.98,1154920.02,0.0
2024-07-17 01:01:57+00:00,btc_mxn,1154919.98,1154920.02,0.0
2024-07-17 01:01:58+00:00,btc_mxn,1154919.98,1154920.02,0.0
2024-07-17 01:01:59+00:00,btc_mxn,1154919.98,1154920.02,0.0
2024-07-17 01:02:00+00:00,btc_mxn,1154919.98,1154920.02,0.0
2024-07-17 01:02:01+00:00,btc_mxn,1154919.98,1154920.02,0.0
2024-07-17 01:02:02+00:00,btc_mxn,1154919.98,1154920.02,0.0
2024-07-17 01:02:03+00:00,btc_mxn,1154919.98,1154920.02,0.0
2024-07-17 01:02:04+00:00,btc_mxn,1154919.98,1154920.02,0.0
2024-07-17 01:02:05+00:00,btc_mxn,1154919.98,1154920.02,0.0
2024-07-17 01:02:06+00:00,btc_mxn,1154919.98,1154920.02,0.0
2024-07-17 01:02:07+00:00,btc_mxn,1154919.98,1154920.02,0.0
2024-07-17 01:02:08+00:00,btc_mxn,1154999.98,1155000.0,0.0
2024-07-17 01:02:09+00:00,btc_mxn,1154999.98,1155000.0,0.0
2024-07-17 01:02:10+00:00,btc_mxn,1154999.98,1155000.0,0.0
2024-07-17 01:02:11+00:00,btc_mxn,1154999.98,1155000.0,0.0
2024-07-17 01:02:12+00:00,btc_mxn,1154999.98,1155000.0,0.0
2024-07-17 01:02:13+00:00,btc_mxn,1154999.98,1155000.0,0.0
2024-07-17 01:02:14+00:00,btc_mxn,1154999.98,1155000.0,0.0
2024-07-17 01:02:15+00:00,btc_mxn,1154999.98,1155000.0,0.0
2024-07-17 01:02:16+00:00,btc_mxn,1154999.98,1155000.0,0.0
2024-07-17 01:02:17+00:00,btc_mxn,1154999.98,1155000.0,0.0
2024-07-17 01:02:18+00:00,btc_mxn,1154999.98,1155000.0,0.0
2024-07-17 01:02:19+00:00,btc_mxn,1154999.98,1155000.0,0.0
2024-07-17 01:02:20+00:00,btc_mxn,1154999.98,1155000.0,0.0
2024-07-17 01:02:21+00:00,btc_mxn,1154999.98,1155000.0,0.0
2024-07-17 01:02:22+00:00,btc_mxn,1154999.98,1155000.0,0.0
2024-07-17 01:02:24+00:00,btc_mxn,1154999.98,1155000.0,0.0
2024-07-17 01:02:24+00:00,btc_mxn,1154999.98,1155000.02,0.0
2024-07-17 01:02:25+00:00,btc_mxn,1154999.98,1155000.02,0.0
2024-07-17 01:02:26+00:00,btc_mxn,1154999.98,1155000.02,0.0
2024-07-17 01:02:27+00:00,btc_mxn,1154999.98,1155000.02,0.0
2024-07-17 01:02:28+00:00,btc_mxn,1154999.98,1155000.02,0.0
2024-07-17 01:02:29+00:00,btc_mxn,1154999.98,1155000.02,0.0
2024-07-17 01:02:30+00:00,btc_mxn,1154999.98,1155000.02,0.0
2024-07-17 01:02:31+00:00,btc_mxn,1154999.98,1155000.02,0.0
2024-07-17 01:02:32+00:00,btc_mxn,1154999.98,1155000.02,0.0
2024-07-17 01:02:33+00:00,btc_mxn,1154999.98,1155000.02,0.0
2024-07-17 01:02:34+00:00,btc_mxn,1154999.98,1155000.02,0.0
2024-07-17 01:02:35+00:00,btc_mxn,1154999.98,1155000.02,0.0
2024-07-17 01:02:36+00:00,btc_mxn,1154999.98,1155000.02,0.0
2024-07-17 01:02:38+00:00,btc_mxn,1154999.98,1155000.02,0.0
2024-07-17 01:02:39+00:00,btc_mxn,1154999.98,1155000.02,0.0
2024-07-17 01:02:40+00:00,btc_mxn,1154999.98,1155000.02,0.0
2024-07-17 01:02:41+00:00,btc_mxn,1154999.98,1155000.02,0.0
2024-07-17 01:02:43+00:00,btc_mxn,1154999.98,1155000.02,0.0
2024-07-17 01:02:44+00:00,btc_mxn,1154999.98,1155000.02,0.0
2024-07-17 01:02:45+00:00,btc_mxn,1154999.98,1155000.02,0.0
2024-07-17 01:02:46+00:00,btc_mxn,1154999.98,1155000.02,0.0
2024-07-17 01:02:47+00:00,btc_mxn,1154999.98,1155000.02,0.0
2024-07-17 01:02:48+00:00,btc_mxn,1154999.98,1155000.02,0.0
2024-07-17 01:02:49+00:00,btc_mxn,1154999.98,1155000.02,0.0
2024-07-17 01:02:50+00:00,btc_mxn,1154999.98,1155000.02,0.0
2024-07-17 01:02:51+00:00,btc_mxn,1154999.98,1155000.02,0.0
2024-07-17 01:02:52+00:00,btc_mxn,1154999.98,1155000.02,0.0
2024-07-17 01:02:53+00:00,btc_mxn,1154999.98,1155000.02,0.0
2024-07-17 01:02:54+00:00,btc_mxn,1154999.98,1155000.02,0.0
2024-07-17 01:02:55+00:00,btc_mxn,1154999.98,1155000.02,0.0
2024-07-17 01:02:56+00:00,btc_mxn,1154999.98,1155000.02,0.0
2024-07-17 01:02:57+00:00,btc_mxn,1154999.98,1155000.02,0.0
2024-07-17 01:02:58+00:00,btc_mxn,1154999.98,1155000.02,0.0
2024-07-17 01:02:59+00:00,btc_mxn,1154999.98,1155000.02,0.0
2024-07-17 01:03:00+00:00,btc_mxn,1154999.98,1155000.02,0.0
2024-07-17 01:03:01+00:00,btc_mxn,1154999.98,1155000.02,0.0
2024-07-17 01:03:02+00:00,btc_mxn,1154999.98,1155000.02,0.0
2024-07-17 01:03:03+00:00,btc_mxn,1154999.98,1155000.02,0.0
2024-07-17 01:03:04+00:00,btc_mxn,1154999.98,1155000.02,0.0
2024-07-17 01:03:05+00:00,btc_mxn,1154999.98,1155000.02,0.0
2024-07-17 01:03:06+00:00,btc_mxn,1154999.98,1155000.02,0.0
2024-07-17 01:03:07+00:00,btc_mxn,1154999.98,1155000.02,0.0
2024-07-17 01:03:08+00:00,btc_mxn,1154999.98,1155000.02,0.0
2024-07-17 01:03:09+00:00,btc_mxn,1154999.98,1155000.02,0.0
2024-07-17 01:03:10+00:00,btc_mxn,1154999.98,1155000.02,0.0
2024-07-17 01:03:11+00:00,btc_mxn,1154999.98,1155000.02,0.0
2024-07-17 01:03:12+00:00,btc_mxn,1154999.98,1155000.02,0.0
2024-07-17 01:03:13+00:00,btc_mxn,1154999.98,1155000.02,0.0
2024-07-17 01:03:14+00:00,btc_mxn,1154999.98,1155000.02,0.0
2024-07-17 01:03:15+00:00,btc_mxn,1154999.98,1155000.02,0.0
2024-07-17 01:03:16+00:00,btc_mxn,1154999.98,1155000.02,0.0
2024-07-17 01:03:17+00:00,btc_mxn,1154999.98,1155000.02,0.0
2024-07-17 01:03:18+00:00,btc_mxn,1154999.98,1155000.02,0.0
2024-07-17 01:03:19+00:00,btc_mxn,1154999.98,1155000.02,0.0
2024-07-17 01:03:20+00:00,btc_mxn,1154999.98,1155000.02,0.0
2024-07-17 01:03:21+00:00,btc_mxn,1154999.98,1155000.02,0.0
2024-07-17 01:03:22+00:00,btc_mxn,1154999.98,1155000.02,0.0
2024-07-17 01:03:23+00:00,btc_mxn,1154999.98,1155000.02,0.0
2024-07-17 01:03:24+00:00,btc_mxn,1154999.98,1155000.02,0.0
2024-07-17 01:03:25+00:00,btc_mxn,1154999.98,1155000.02,0.0
2024-07-17 01:03:26+00:00,btc_mxn,1154999.98,1155000.02,0.0
2024-07-17 01:03:27+00:00,btc_mxn,1154999.98,1155000.02,0.0
2024-07-17 01:03:28+00:00,btc_mxn,1154999.98,1155000.02,0.0
2024-07-17 01:03:29+00:00,btc_mxn,1154999.98,1155000.02,0.0
2024-07-17 01:03:30+00:00,btc_mxn,1154999.98,1155000.02,0.0
2024-07-17 01:03:31+00:00,btc_mxn,1154999.98,1155000.02,0.0
2024-07-17 01:03:32+00:00,btc_mxn,1154999.98,1155000.02,0.0
2024-07-17 01:03:33+00:00,btc_mxn,1154999.98,1155000.02,0.0
2024-07-17 01:03:34+00:00,btc_mxn,1154999.98,1155000.02,0.0
2024-07-17 01:03:35+00:00,btc_mxn,1154999.98,1155000.02,0.0
2024-07-17 01:03:36+00:00,btc_mxn,1154999.98,1155000.02,0.0
2024-07-17 01:03:37+00:00,btc_mxn,1154999.98,1155000.02,0.0
2024-07-17 01:03:38+00:00,btc_mxn,1154999.98,1155000.02,0.0
2024-07-17 01:03:40+00:00,btc_mxn,1154999.98,1155000.02,0.0
2024-07-17 01:03:41+00:00,btc_mxn,1154999.98,1155000.02,0.0
2024-07-17 01:03:42+00:00,btc_mxn,1154999.98,1155000.02,0.0
2024-07-17 01:03:43+00:00,btc_mxn,1154999.98,1155000.02,0.0
2024-07-17 01:03:44+00:00,btc_mxn,1154999.98,1155000.02,0.0
2024-07-17 01:03:45+00:00,btc_mxn,1154999.98,1155000.02,0.0
2024-07-17 01:03:46+00:00,btc_mxn,1154999.98,1155000.02,0.0
2024-07-17 01:03:47+00:00,btc_mxn,1154999.98,1155000.02,0.0
2024-07-17 01:03:48+00:00,btc_mxn,1154999.98,1155000.02,0.0
2024-07-17 01:03:49+00:00,btc_mxn,1154999.98,1155000.02,0.0
2024-07-17 01:03:50+00:00,btc_mxn,1154999.98,1155000.02,0.0
2024-07-17 01:03:51+00:00,btc_mxn,1154999.98,1155000.02,0.0
2024-07-17 01:03:52+00:00,btc_mxn,1154999.98,1155000.02,0.0
2024-07-17 01:03:53+00:00,btc_mxn,1154999.98,1155000.02,0.0
2024-07-17 01:03:54+00:00,btc_mxn,1154999.98,1155000.02,0.0
2024-07-17 01:03:55+00:00,btc_mxn,1154999.98,1155000.02,0.0
2024-07-17 01:03:56+00:00,btc_mxn,1154999.98,1155000.02,0.0
2024-07-17 01:03:57+00:00,btc_mxn,1154999.98,1155000.02,0.0
2024-07-17 01:03:58+00:00,btc_mxn,1154999.98,1155000.02,0.0
2024-07-17 01:03:59+00:00,btc_mxn,1154999.98,1155000.02,0.0
2024-07-17 01:04:00+00:00,btc_mxn,1154999.98,1155000.02,0.0
2024-07-17 01:04:01+00:00,btc_mxn,1154999.98,1155000.02,0.0
2024-07-17 01:04:02+00:00,btc_mxn,1154999.98,1155000.02,0.0
2024-07-17 01:04:03+00:00,btc_mxn,1154999.98,1155000.02,0.0
2024-07-17 01:04:04+00:00,btc_mxn,1154999.98,1155000.02,0.0
2024-07-17 01:04:05+00:00,btc_mxn,1154999.98,1155000.02,0.0
2024-07-17 01:04:06+00:00,btc_mxn,1154999.98,1155000.02,0.0
2024-07-17 01:04:07+00:00,btc_mxn,1154999.98,1155000.02,0.0
2024-07-17 01:04:08+00:00,btc_mxn,1154999.98,1155000.02,0.0
2024-07-17 01:04:09+00:00,btc_mxn,1154999.98,1155000.02,0.0
2024-07-17 01:04:10+00:00,btc_mxn,1154999.98,1155000.02,0.0
2024-07-17 01:04:11+00:00,btc_mxn,1154999.98,1155000.02,0.0
2024-07-17 01:04:12+00:00,btc_mxn,1154999.98,1155000.02,0.0
2024-07-17 01:04:13+00:00,btc_mxn,1154999.98,1155000.02,0.0
