orderbook_timestamp,book,bid,ask,spread
2024-07-17 19:42:01+00:00,usd_mxn,17.69,17.71,0.113
2024-07-17 19:42:03+00:00,usd_mxn,17.69,17.71,0.113
2024-07-17 19:42:03+00:00,usd_mxn,17.69,17.71,0.113
2024-07-17 19:42:04+00:00,usd_mxn,17.69,17.71,0.113
2024-07-17 19:42:05+00:00,usd_mxn,17.69,17.71,0.113
2024-07-17 19:42:06+00:00,usd_mxn,17.69,17.71,0.113
2024-07-17 19:42:07+00:00,usd_mxn,17.69,17.71,0.113
2024-07-17 19:42:08+00:00,usd_mxn,17.69,17.71,0.113
2024-07-17 19:42:09+00:00,usd_mxn,17.69,17.71,0.113
2024-07-17 19:42:10+00:00,usd_mxn,17.69,17.71,0.113
2024-07-17 19:42:11+00:00,usd_mxn,17.69,17.71,0.113
2024-07-17 19:42:12+00:00,usd_mxn,17.69,17.71,0.113
2024-07-17 19:42:13+00:00,usd_mxn,17.69,17.71,0.113
2024-07-17 19:42:14+00:00,usd_mxn,17.69,17.71,0.113
2024-07-17 19:42:15+00:00,usd_mxn,17.69,17.71,0.113
2024-07-17 19:42:17+00:00,usd_mxn,17.69,17.71,0.113
2024-07-17 19:42:18+00:00,usd_mxn,17.69,17.71,0.113
2024-07-17 19:42:18+00:00,usd_mxn,17.69,17.71,0.113
2024-07-17 19:42:20+00:00,usd_mxn,17.69,17.71,0.113
2024-07-17 19:42:21+00:00,usd_mxn,17.69,17.71,0.113
2024-07-17 19:42:22+00:00,usd_mxn,17.69,17.71,0.113
2024-07-17 19:42:23+00:00,usd_mxn,17.69,17.71,0.113
2024-07-17 19:42:24+00:00,usd_mxn,17.69,17.71,0.113
2024-07-17 19:42:25+00:00,usd_mxn,17.69,17.71,0.113
2024-07-17 19:42:26+00:00,usd_mxn,17.69,17.71,0.113
2024-07-17 19:42:27+00:00,usd_mxn,17.69,17.71,0.113
2024-07-17 19:42:28+00:00,usd_mxn,17.69,17.71,0.113
2024-07-17 19:42:29+00:00,usd_mxn,17.69,17.71,0.113
2024-07-17 19:42:30+00:00,usd_mxn,17.69,17.71,0.113
2024-07-17 19:42:31+00:00,usd_mxn,17.69,17.71,0.113
2024-07-17 19:42:32+00:00,usd_mxn,17.69,17.71,0.113
2024-07-17 19:42:33+00:00,usd_mxn,17.69,17.71,0.113
2024-07-17 19:42:34+00:00,usd_mxn,17.69,17.71,0.113
2024-07-17 19:42:35+00:00,usd_mxn,17.69,17.71,0.113
2024-07-17 19:42:36+00:00,usd_mxn,17.69,17.71,0.113
2024-07-17 19:42:37+00:00,usd_mxn,17.69,17.71,0.113
2024-07-17 19:42:38+00:00,usd_mxn,17.69,17.71,0.113
2024-07-17 19:42:39+00:00,usd_mxn,17.69,17.71,0.113
2024-07-17 19:42:40+00:00,usd_mxn,17.69,17.71,0.113
2024-07-17 19:42:41+00:00,usd_mxn,17.69,17.71,0.113
2024-07-17 19:42:42+00:00,usd_mxn,17.69,17.71,0.113
2024-07-17 19:42:43+00:00,usd_mxn,17.69,17.71,0.113
2024-07-17 19:42:44+00:00,usd_mxn,17.69,17.71,0.113
2024-07-17 19:42:45+00:00,usd_mxn,17.69,17.71,0.113
2024-07-17 19:42:46+00:00,usd_mxn,17.69,17.71,0.113
2024-07-17 19:42:47+00:00,usd_mxn,17.69,17.71,0.113
2024-07-17 19:42:48+00:00,usd_mxn,17.69,17.71,0.113
2024-07-17 19:42:49+00:00,usd_mxn,17.69,17.71,0.113
2024-07-17 19:42:50+00:00,usd_mxn,17.69,17.71,0.113
2024-07-17 19:42:51+00:00,usd_mxn,17.69,17.71,0.113
2024-07-17 19:42:52+00:00,usd_mxn,17.69,17.71,0.113
2024-07-17 19:42:53+00:00,usd_mxn,17.69,17.71,0.113
2024-07-17 19:42:54+00:00,usd_mxn,17.69,17.71,0.113
2024-07-17 19:42:55+00:00,usd_mxn,17.69,17.71,0.113
2024-07-17 19:42:56+00:00,usd_mxn,17.69,17.71,0.113
2024-07-17 19:42:57+00:00,usd_mxn,17.69,17.71,0.113
2024-07-17 19:42:58+00:00,usd_mxn,17.69,17.71,0.113
2024-07-17 19:42:59+00:00,usd_mxn,17.69,17.71,0.113
2024-07-17 19:43:00+00:00,usd_mxn,17.69,17.71,0.113
2024-07-17 19:43:01+00:00,usd_mxn,17.69,17.72,0.169
2024-07-17 19:43:02+00:00,usd_mxn,17.69,17.72,0.169
2024-07-17 19:43:03+00:00,usd_mxn,17.69,17.72,0.169
2024-07-17 19:43:04+00:00,usd_mxn,17.69,17.72,0.169
2024-07-17 19:43:05+00:00,usd_mxn,17.69,17.72,0.169
2024-07-17 19:43:06+00:00,usd_mxn,17.69,17.72,0.169
2024-07-17 19:43:07+00:00,usd_mxn,17.69,17.72,0.169
2024-07-17 19:43:08+00:00,usd_mxn,17.69,17.72,0.169
2024-07-17 19:43:10+00:00,usd_mxn,17.69,17.72,0.169
2024-07-17 19:43:11+00:00,usd_mxn,17.69,17.72,0.169
2024-07-17 19:43:12+00:00,usd_mxn,17.69,17.72,0.169
2024-07-17 19:43:14+00:00,usd_mxn,17.69,17.72,0.169
2024-07-17 19:43:14+00:00,usd_mxn,17.69,17.72,0.169
2024-07-17 19:43:15+00:00,usd_mxn,17.69,17.72,0.169
2024-07-17 19:43:16+00:00,usd_mxn,17.69,17.72,0.169
2024-07-17 19:43:17+00:00,usd_mxn,17.69,17.72,0.169
2024-07-17 19:43:18+00:00,usd_mxn,17.69,17.72,0.169
2024-07-17 19:43:19+00:00,usd_mxn,17.69,17.72,0.169
2024-07-17 19:43:20+00:00,usd_mxn,17.69,17.72,0.169
2024-07-17 19:43:21+00:00,usd_mxn,17.69,17.72,0.169
2024-07-17 19:43:22+00:00,usd_mxn,17.69,17.72,0.169
2024-07-17 19:43:23+00:00,usd_mxn,17.69,17.72,0.169
2024-07-17 19:43:24+00:00,usd_mxn,17.69,17.72,0.169
2024-07-17 19:43:25+00:00,usd_mxn,17.69,17.72,0.169
2024-07-17 19:43:26+00:00,usd_mxn,17.69,17.72,0.169
2024-07-17 19:43:27+00:00,usd_mxn,17.69,17.72,0.169
2024-07-17 19:43:28+00:00,usd_mxn,17.69,17.72,0.169
2024-07-17 19:43:29+00:00,usd_mxn,17.69,17.72,0.169
2024-07-17 19:43:30+00:00,usd_mxn,17.69,17.72,0.169
2024-07-17 19:43:31+00:00,usd_mxn,17.69,17.72,0.169
2024-07-17 19:43:32+00:00,usd_mxn,17.69,17.72,0.169
2024-07-17 19:43:34+00:00,usd_mxn,17.69,17.72,0.169
2024-07-17 19:43:34+00:00,usd_mxn,17.69,17.72,0.169
2024-07-17 19:43:35+00:00,usd_mxn,17.69,17.72,0.169
2024-07-17 19:43:36+00:00,usd_mxn,17.69,17.72,0.169
2024-07-17 19:43:37+00:00,usd_mxn,17.69,17.72,0.169
2024-07-17 19:43:39+00:00,usd_mxn,17.69,17.72,0.169
2024-07-17 19:43:40+00:00,usd_mxn,17.69,17.72,0.169
2024-07-17 19:43:41+00:00,usd_mxn,17.69,17.72,0.169
2024-07-17 19:43:42+00:00,usd_mxn,17.69,17.72,0.169
2024-07-17 19:43:44+00:00,usd_mxn,17.69,17.72,0.169
2024-07-17 19:43:45+00:00,usd_mxn,17.69,17.72,0.169
2024-07-17 19:43:46+00:00,usd_mxn,17.69,17.72,0.169
2024-07-17 19:43:47+00:00,usd_mxn,17.69,17.72,0.169
2024-07-17 19:43:48+00:00,usd_mxn,17.69,17.72,0.169
2024-07-17 19:43:49+00:00,usd_mxn,17.69,17.72,0.169
2024-07-17 19:43:50+00:00,usd_mxn,17.69,17.72,0.169
2024-07-17 19:43:51+00:00,usd_mxn,17.69,17.72,0.169
2024-07-17 19:43:52+00:00,usd_mxn,17.69,17.72,0.169
2024-07-17 19:43:53+00:00,usd_mxn,17.69,17.72,0.169
2024-07-17 19:43:54+00:00,usd_mxn,17.69,17.72,0.169
2024-07-17 19:43:55+00:00,usd_mxn,17.69,17.72,0.169
2024-07-17 19:43:56+00:00,usd_mxn,17.69,17.72,0.169
2024-07-17 19:43:57+00:00,usd_mxn,17.69,17.72,0.169
2024-07-17 19:43:58+00:00,usd_mxn,17.69,17.72,0.169
2024-07-17 19:43:59+00:00,usd_mxn,17.69,17.72,0.169
2024-07-17 19:44:00+00:00,usd_mxn,17.69,17.72,0.169
2024-07-17 19:44:01+00:00,usd_mxn,17.69,17.72,0.169
2024-07-17 19:44:02+00:00,usd_mxn,17.69,17.72,0.169
2024-07-17 19:44:03+00:00,usd_mxn,17.69,17.72,0.169
2024-07-17 19:44:05+00:00,usd_mxn,17.69,17.72,0.169
2024-07-17 19:44:06+00:00,usd_mxn,17.69,17.72,0.169
2024-07-17 19:44:07+00:00,usd_mxn,17.69,17.72,0.169
2024-07-17 19:44:09+00:00,usd_mxn,17.69,17.72,0.169
2024-07-17 19:44:09+00:00,usd_mxn,17.69,17.72,0.169
2024-07-17 19:44:10+00:00,usd_mxn,17.69,17.72,0.169
2024-07-17 19:44:11+00:00,usd_mxn,17.69,17.72,0.169
2024-07-17 19:44:12+00:00,usd_mxn,17.69,17.71,0.113
2024-07-17 19:44:13+00:00,usd_mxn,17.69,17.71,0.113
2024-07-17 19:44:14+00:00,usd_mxn,17.69,17.71,0.113
2024-07-17 19:44:15+00:00,usd_mxn,17.69,17.72,0.169
2024-07-17 19:44:16+00:00,usd_mxn,17.69,17.72,0.169
2024-07-17 19:44:17+00:00,usd_mxn,17.69,17.72,0.169
2024-07-17 19:44:19+00:00,usd_mxn,17.69,17.72,0.169
2024-07-17 19:44:19+00:00,usd_mxn,17.69,17.72,0.169
2024-07-17 19:44:21+00:00,usd_mxn,17.69,17.72,0.169
2024-07-17 19:44:22+00:00,usd_mxn,17.69,17.72,0.169
2024-07-17 19:44:23+00:00,usd_mxn,17.69,17.72,0.169
2024-07-17 19:44:24+00:00,usd_mxn,17.69,17.72,0.169
2024-07-17 19:44:25+00:00,usd_mxn,17.69,17.72,0.169
2024-07-17 19:44:26+00:00,usd_mxn,17.69,17.72,0.169
2024-07-17 19:44:27+00:00,usd_mxn,17.69,17.72,0.169
2024-07-17 19:44:28+00:00,usd_mxn,17.69,17.72,0.169
2024-07-17 19:44:29+00:00,usd_mxn,17.69,17.72,0.169
2024-07-17 19:44:30+00:00,usd_mxn,17.69,17.72,0.169
2024-07-17 19:44:31+00:00,usd_mxn,17.69,17.72,0.169
2024-07-17 19:44:32+00:00,usd_mxn,17.69,17.72,0.169
2024-07-17 19:44:33+00:00,usd_mxn,17.69,17.72,0.169
2024-07-17 19:44:34+00:00,usd_mxn,17.69,17.72,0.169
2024-07-17 19:44:35+00:00,usd_mxn,17.69,17.72,0.169
2024-07-17 19:44:36+00:00,usd_mxn,17.69,17.72,0.169
2024-07-17 19:44:37+00:00,usd_mxn,17.69,17.72,0.169
2024-07-17 19:44:38+00:00,usd_mxn,17.69,17.72,0.169
2024-07-17 19:44:39+00:00,usd_mxn,17.69,17.72,0.169
2024-07-17 19:44:40+00:00,usd_mxn,17.69,17.72,0.169
2024-07-17 19:44:41+00:00,usd_mxn,17.69,17.72,0.169
2024-07-17 19:44:42+00:00,usd_mxn,17.69,17.72,0.169
2024-07-17 19:44:44+00:00,usd_mxn,17.69,17.72,0.169
2024-07-17 19:44:45+00:00,usd_mxn,17.69,17.72,0.169
2024-07-17 19:44:46+00:00,usd_mxn,17.69,17.72,0.169
2024-07-17 19:44:47+00:00,usd_mxn,17.69,17.72,0.169
2024-07-17 19:44:48+00:00,usd_mxn,17.69,17.72,0.169
2024-07-17 19:44:49+00:00,usd_mxn,17.69,17.72,0.169
2024-07-17 19:44:50+00:00,usd_mxn,17.69,17.72,0.169
2024-07-17 19:44:51+00:00,usd_mxn,17.69,17.72,0.169
2024-07-17 19:44:52+00:00,usd_mxn,17.69,17.72,0.169
2024-07-17 19:44:53+00:00,usd_mxn,17.69,17.72,0.169
2024-07-17 19:44:54+00:00,usd_mxn,17.69,17.72,0.169
2024-07-17 19:44:55+00:00,usd_mxn,17.69,17.72,0.169
2024-07-17 19:44:56+00:00,usd_mxn,17.69,17.72,0.169
2024-07-17 19:44:57+00:00,usd_mxn,17.69,17.72,0.169
2024-07-17 19:44:58+00:00,usd_mxn,17.69,17.72,0.169
2024-07-17 19:44:59+00:00,usd_mxn,17.69,17.72,0.169
2024-07-17 19:45:00+00:00,usd_mxn,17.69,17.72,0.169
2024-07-17 19:45:01+00:00,usd_mxn,17.69,17.72,0.169
2024-07-17 19:45:02+00:00,usd_mxn,17.69,17.72,0.169
2024-07-17 19:45:03+00:00,usd_mxn,17.69,17.72,0.169
2024-07-17 19:45:04+00:00,usd_mxn,17.69,17.72,0.169
2024-07-17 19:45:05+00:00,usd_mxn,17.69,17.72,0.169
2024-07-17 19:45:06+00:00,usd_mxn,17.69,17.72,0.169
2024-07-17 19:45:07+00:00,usd_mxn,17.69,17.72,0.169
2024-07-17 19:45:08+00:00,usd_mxn,17.69,17.72,0.169
2024-07-17 19:45:09+00:00,usd_mxn,17.69,17.71,0.113
2024-07-17 19:45:10+00:00,usd_mxn,17.69,17.72,0.169
2024-07-17 19:45:11+00:00,usd_mxn,17.69,17.72,0.169
2024-07-17 19:45:12+00:00,usd_mxn,17.69,17.72,0.169
2024-07-17 19:45:13+00:00,usd_mxn,17.69,17.72,0.169
2024-07-17 19:45:14+00:00,usd_mxn,17.69,17.72,0.169
2024-07-17 19:45:15+00:00,usd_mxn,17.69,17.72,0.169
2024-07-17 19:45:16+00:00,usd_mxn,17.69,17.72,0.169
2024-07-17 19:45:17+00:00,usd_mxn,17.69,17.72,0.169
2024-07-17 19:45:18+00:00,usd_mxn,17.69,17.72,0.169
2024-07-17 19:45:19+00:00,usd_mxn,17.69,17.72,0.169
2024-07-17 19:45:20+00:00,usd_mxn,17.69,17.72,0.169
2024-07-17 19:45:21+00:00,usd_mxn,17.69,17.72,0.169
2024-07-17 19:45:22+00:00,usd_mxn,17.69,17.72,0.169
2024-07-17 19:45:23+00:00,usd_mxn,17.69,17.72,0.169
2024-07-17 19:45:24+00:00,usd_mxn,17.69,17.72,0.169
2024-07-17 19:45:25+00:00,usd_mxn,17.69,17.72,0.169
2024-07-17 19:45:26+00:00,usd_mxn,17.69,17.72,0.169
2024-07-17 19:45:27+00:00,usd_mxn,17.69,17.72,0.169
2024-07-17 19:45:29+00:00,usd_mxn,17.69,17.72,0.169
2024-07-17 19:45:30+00:00,usd_mxn,17.69,17.72,0.169
2024-07-17 19:45:31+00:00,usd_mxn,17.69,17.72,0.169
2024-07-17 19:45:32+00:00,usd_mxn,17.69,17.72,0.169
2024-07-17 19:45:33+00:00,usd_mxn,17.69,17.72,0.169
2024-07-17 19:45:34+00:00,usd_mxn,17.69,17.72,0.169
2024-07-17 19:45:35+00:00,usd_mxn,17.69,17.72,0.169
2024-07-17 19:45:36+00:00,usd_mxn,17.69,17.72,0.169
2024-07-17 19:45:37+00:00,usd_mxn,17.69,17.72,0.169
2024-07-17 19:45:38+00:00,usd_mxn,17.69,17.72,0.169
2024-07-17 19:45:39+00:00,usd_mxn,17.69,17.72,0.169
2024-07-17 19:45:40+00:00,usd_mxn,17.69,17.72,0.169
2024-07-17 19:45:41+00:00,usd_mxn,17.69,17.72,0.169
2024-07-17 19:45:42+00:00,usd_mxn,17.69,17.72,0.169
2024-07-17 19:45:43+00:00,usd_mxn,17.69,17.72,0.169
2024-07-17 19:45:44+00:00,usd_mxn,17.69,17.72,0.169
2024-07-17 19:45:45+00:00,usd_mxn,17.69,17.72,0.169
2024-07-17 19:45:46+00:00,usd_mxn,17.69,17.72,0.169
2024-07-17 19:45:47+00:00,usd_mxn,17.69,17.72,0.169
2024-07-17 19:45:48+00:00,usd_mxn,17.69,17.71,0.113
2024-07-17 19:45:49+00:00,usd_mxn,17.69,17.71,0.113
2024-07-17 19:45:50+00:00,usd_mxn,17.69,17.71,0.113
2024-07-17 19:45:51+00:00,usd_mxn,17.69,17.71,0.113
2024-07-17 19:45:52+00:00,usd_mxn,17.69,17.71,0.113
2024-07-17 19:45:53+00:00,usd_mxn,17.69,17.71,0.113
2024-07-17 19:45:54+00:00,usd_mxn,17.69,17.71,0.113
2024-07-17 19:45:55+00:00,usd_mxn,17.69,17.71,0.113
2024-07-17 19:45:56+00:00,usd_mxn,17.69,17.71,0.113
2024-07-17 19:45:57+00:00,usd_mxn,17.69,17.71,0.113
2024-07-17 19:45:58+00:00,usd_mxn,17.69,17.71,0.113
2024-07-17 19:45:59+00:00,usd_mxn,17.69,17.71,0.113
2024-07-17 19:46:00+00:00,usd_mxn,17.69,17.71,0.113
2024-07-17 19:46:01+00:00,usd_mxn,17.69,17.71,0.113
2024-07-17 19:46:02+00:00,usd_mxn,17.69,17.71,0.113
2024-07-17 19:46:03+00:00,usd_mxn,17.69,17.71,0.113
2024-07-17 19:46:04+00:00,usd_mxn,17.69,17.71,0.113
2024-07-17 19:46:05+00:00,usd_mxn,17.69,17.7,0.056
2024-07-17 19:46:06+00:00,usd_mxn,17.69,17.7,0.056
2024-07-17 19:46:07+00:00,usd_mxn,17.69,17.7,0.056
2024-07-17 19:46:08+00:00,usd_mxn,17.69,17.7,0.056
2024-07-17 19:46:09+00:00,usd_mxn,17.69,17.7,0.056
2024-07-17 19:46:10+00:00,usd_mxn,17.69,17.7,0.056
2024-07-17 19:46:11+00:00,usd_mxn,17.69,17.7,0.056
2024-07-17 19:46:12+00:00,usd_mxn,17.69,17.7,0.056
2024-07-17 19:46:13+00:00,usd_mxn,17.69,17.7,0.056
2024-07-17 19:46:14+00:00,usd_mxn,17.69,17.7,0.056
2024-07-17 19:46:15+00:00,usd_mxn,17.69,17.7,0.056
2024-07-17 19:46:16+00:00,usd_mxn,17.69,17.7,0.056
2024-07-17 19:46:17+00:00,usd_mxn,17.69,17.7,0.056
2024-07-17 19:46:18+00:00,usd_mxn,17.69,17.7,0.056
2024-07-17 19:46:19+00:00,usd_mxn,17.69,17.7,0.056
2024-07-17 19:46:20+00:00,usd_mxn,17.69,17.7,0.056
2024-07-17 19:46:21+00:00,usd_mxn,17.69,17.7,0.056
2024-07-17 19:46:22+00:00,usd_mxn,17.69,17.7,0.056
2024-07-17 19:46:23+00:00,usd_mxn,17.69,17.7,0.056
2024-07-17 19:46:24+00:00,usd_mxn,17.69,17.7,0.056
2024-07-17 19:46:25+00:00,usd_mxn,17.69,17.7,0.056
2024-07-17 19:46:26+00:00,usd_mxn,17.69,17.7,0.056
2024-07-17 19:46:27+00:00,usd_mxn,17.69,17.7,0.056
2024-07-17 19:46:28+00:00,usd_mxn,17.69,17.7,0.056
2024-07-17 19:46:29+00:00,usd_mxn,17.69,17.7,0.056
2024-07-17 19:46:30+00:00,usd_mxn,17.69,17.7,0.056
2024-07-17 19:46:31+00:00,usd_mxn,17.69,17.7,0.056
2024-07-17 19:46:32+00:00,usd_mxn,17.69,17.7,0.056
2024-07-17 19:46:33+00:00,usd_mxn,17.69,17.7,0.056
2024-07-17 19:46:34+00:00,usd_mxn,17.69,17.7,0.056
2024-07-17 19:46:35+00:00,usd_mxn,17.69,17.7,0.056
2024-07-17 19:46:36+00:00,usd_mxn,17.69,17.7,0.056
2024-07-17 19:46:37+00:00,usd_mxn,17.69,17.7,0.056
2024-07-17 19:46:38+00:00,usd_mxn,17.69,17.7,0.056
2024-07-17 19:46:39+00:00,usd_mxn,17.69,17.7,0.056
2024-07-17 19:46:40+00:00,usd_mxn,17.69,17.7,0.056
2024-07-17 19:46:41+00:00,usd_mxn,17.69,17.7,0.056
2024-07-17 19:46:42+00:00,usd_mxn,17.69,17.7,0.056
2024-07-17 19:46:43+00:00,usd_mxn,17.69,17.7,0.056
2024-07-17 19:46:44+00:00,usd_mxn,17.69,17.7,0.056
2024-07-17 19:46:45+00:00,usd_mxn,17.69,17.7,0.056
2024-07-17 19:46:46+00:00,usd_mxn,17.69,17.7,0.056
2024-07-17 19:46:47+00:00,usd_mxn,17.69,17.7,0.056
2024-07-17 19:46:48+00:00,usd_mxn,17.69,17.7,0.056
2024-07-17 19:46:49+00:00,usd_mxn,17.69,17.7,0.056
2024-07-17 19:46:51+00:00,usd_mxn,17.69,17.7,0.056
2024-07-17 19:46:52+00:00,usd_mxn,17.69,17.7,0.056
2024-07-17 19:46:53+00:00,usd_mxn,17.69,17.7,0.056
2024-07-17 19:46:54+00:00,usd_mxn,17.69,17.7,0.056
2024-07-17 19:46:55+00:00,usd_mxn,17.69,17.7,0.056
2024-07-17 19:46:56+00:00,usd_mxn,17.69,17.7,0.056
2024-07-17 19:46:57+00:00,usd_mxn,17.69,17.7,0.056
2024-07-17 19:46:58+00:00,usd_mxn,17.69,17.7,0.056
2024-07-17 19:46:59+00:00,usd_mxn,17.69,17.7,0.056
2024-07-17 19:47:00+00:00,usd_mxn,17.69,17.7,0.056
2024-07-17 19:47:01+00:00,usd_mxn,17.69,17.7,0.056
2024-07-17 19:47:02+00:00,usd_mxn,17.69,17.7,0.056
2024-07-17 19:47:03+00:00,usd_mxn,17.69,17.7,0.056
2024-07-17 19:47:04+00:00,usd_mxn,17.69,17.7,0.056
2024-07-17 19:47:05+00:00,usd_mxn,17.69,17.7,0.056
2024-07-17 19:47:06+00:00,usd_mxn,17.69,17.7,0.056
2024-07-17 19:47:08+00:00,usd_mxn,17.69,17.7,0.056
2024-07-17 19:47:09+00:00,usd_mxn,17.69,17.7,0.056
2024-07-17 19:47:10+00:00,usd_mxn,17.69,17.7,0.056
2024-07-17 19:47:11+00:00,usd_mxn,17.69,17.7,0.056
2024-07-17 19:47:12+00:00,usd_mxn,17.69,17.7,0.056
2024-07-17 19:47:13+00:00,usd_mxn,17.69,17.7,0.056
2024-07-17 19:47:14+00:00,usd_mxn,17.69,17.7,0.056
2024-07-17 19:47:15+00:00,usd_mxn,17.69,17.7,0.056
2024-07-17 19:47:16+00:00,usd_mxn,17.69,17.7,0.056
2024-07-17 19:47:17+00:00,usd_mxn,17.69,17.7,0.056
2024-07-17 19:47:18+00:00,usd_mxn,17.69,17.7,0.056
2024-07-17 19:47:19+00:00,usd_mxn,17.69,17.7,0.056
2024-07-17 19:47:20+00:00,usd_mxn,17.69,17.7,0.056
2024-07-17 19:47:21+00:00,usd_mxn,17.69,17.7,0.056
2024-07-17 19:47:22+00:00,usd_mxn,17.69,17.7,0.056
2024-07-17 19:47:23+00:00,usd_mxn,17.69,17.7,0.056
2024-07-17 19:47:24+00:00,usd_mxn,17.69,17.7,0.056
2024-07-17 19:47:25+00:00,usd_mxn,17.69,17.7,0.056
2024-07-17 19:47:26+00:00,usd_mxn,17.69,17.7,0.056
2024-07-17 19:47:27+00:00,usd_mxn,17.69,17.7,0.056
2024-07-17 19:47:28+00:00,usd_mxn,17.69,17.7,0.056
2024-07-17 19:47:29+00:00,usd_mxn,17.69,17.7,0.056
2024-07-17 19:47:30+00:00,usd_mxn,17.69,17.7,0.056
2024-07-17 19:47:31+00:00,usd_mxn,17.69,17.7,0.056
2024-07-17 19:47:32+00:00,usd_mxn,17.69,17.7,0.056
2024-07-17 19:47:33+00:00,usd_mxn,17.69,17.7,0.056
2024-07-17 19:47:34+00:00,usd_mxn,17.69,17.7,0.056
2024-07-17 19:47:35+00:00,usd_mxn,17.69,17.7,0.056
2024-07-17 19:47:36+00:00,usd_mxn,17.69,17.7,0.056
2024-07-17 19:47:37+00:00,usd_mxn,17.69,17.7,0.056
2024-07-17 19:47:38+00:00,usd_mxn,17.69,17.7,0.056
2024-07-17 19:47:39+00:00,usd_mxn,17.69,17.7,0.056
2024-07-17 19:47:40+00:00,usd_mxn,17.69,17.7,0.056
2024-07-17 19:47:41+00:00,usd_mxn,17.69,17.71,0.113
2024-07-17 19:47:42+00:00,usd_mxn,17.69,17.71,0.113
2024-07-17 19:47:43+00:00,usd_mxn,17.69,17.71,0.113
2024-07-17 19:47:44+00:00,usd_mxn,17.69,17.71,0.113
2024-07-17 19:47:45+00:00,usd_mxn,17.69,17.71,0.113
2024-07-17 19:47:46+00:00,usd_mxn,17.69,17.71,0.113
2024-07-17 19:47:47+00:00,usd_mxn,17.69,17.71,0.113
2024-07-17 19:47:48+00:00,usd_mxn,17.69,17.71,0.113
2024-07-17 19:47:49+00:00,usd_mxn,17.69,17.71,0.113
2024-07-17 19:47:50+00:00,usd_mxn,17.69,17.71,0.113
2024-07-17 19:47:51+00:00,usd_mxn,17.69,17.71,0.113
2024-07-17 19:47:52+00:00,usd_mxn,17.69,17.71,0.113
2024-07-17 19:47:53+00:00,usd_mxn,17.69,17.71,0.113
2024-07-17 19:47:54+00:00,usd_mxn,17.69,17.71,0.113
2024-07-17 19:47:55+00:00,usd_mxn,17.69,17.71,0.113
2024-07-17 19:47:56+00:00,usd_mxn,17.69,17.71,0.113
2024-07-17 19:47:57+00:00,usd_mxn,17.69,17.71,0.113
2024-07-17 19:47:58+00:00,usd_mxn,17.69,17.71,0.113
2024-07-17 19:47:59+00:00,usd_mxn,17.69,17.71,0.113
2024-07-17 19:48:00+00:00,usd_mxn,17.69,17.71,0.113
2024-07-17 19:48:01+00:00,usd_mxn,17.69,17.71,0.113
2024-07-17 19:48:02+00:00,usd_mxn,17.69,17.71,0.113
2024-07-17 19:48:04+00:00,usd_mxn,17.69,17.71,0.113
2024-07-17 19:48:05+00:00,usd_mxn,17.69,17.71,0.113
2024-07-17 19:48:06+00:00,usd_mxn,17.69,17.71,0.113
2024-07-17 19:48:07+00:00,usd_mxn,17.69,17.71,0.113
2024-07-17 19:48:09+00:00,usd_mxn,17.69,17.71,0.113
2024-07-17 19:48:09+00:00,usd_mxn,17.69,17.71,0.113
2024-07-17 19:48:10+00:00,usd_mxn,17.69,17.71,0.113
2024-07-17 19:48:11+00:00,usd_mxn,17.69,17.71,0.113
2024-07-17 19:48:12+00:00,usd_mxn,17.69,17.71,0.113
2024-07-17 19:48:13+00:00,usd_mxn,17.69,17.71,0.113
2024-07-17 19:48:14+00:00,usd_mxn,17.69,17.71,0.113
2024-07-17 19:48:15+00:00,usd_mxn,17.69,17.71,0.113
2024-07-17 19:48:17+00:00,usd_mxn,17.69,17.71,0.113
2024-07-17 19:48:18+00:00,usd_mxn,17.69,17.71,0.113
2024-07-17 19:48:19+00:00,usd_mxn,17.69,17.71,0.113
2024-07-17 19:48:20+00:00,usd_mxn,17.69,17.71,0.113
2024-07-17 19:48:21+00:00,usd_mxn,17.69,17.71,0.113
2024-07-17 19:48:22+00:00,usd_mxn,17.69,17.71,0.113
2024-07-17 19:48:23+00:00,usd_mxn,17.69,17.71,0.113
2024-07-17 19:48:24+00:00,usd_mxn,17.69,17.71,0.113
2024-07-17 19:48:25+00:00,usd_mxn,17.69,17.71,0.113
2024-07-17 19:48:26+00:00,usd_mxn,17.69,17.71,0.113
2024-07-17 19:48:27+00:00,usd_mxn,17.69,17.71,0.113
2024-07-17 19:48:28+00:00,usd_mxn,17.69,17.71,0.113
2024-07-17 19:48:29+00:00,usd_mxn,17.69,17.71,0.113
2024-07-17 19:48:30+00:00,usd_mxn,17.69,17.71,0.113
2024-07-17 19:48:31+00:00,usd_mxn,17.69,17.71,0.113
2024-07-17 19:48:32+00:00,usd_mxn,17.69,17.71,0.113
2024-07-17 19:48:33+00:00,usd_mxn,17.69,17.71,0.113
2024-07-17 19:48:34+00:00,usd_mxn,17.69,17.71,0.113
2024-07-17 19:48:35+00:00,usd_mxn,17.69,17.71,0.113
2024-07-17 19:48:36+00:00,usd_mxn,17.69,17.71,0.113
2024-07-17 19:48:37+00:00,usd_mxn,17.69,17.71,0.113
2024-07-17 19:48:38+00:00,usd_mxn,17.69,17.71,0.113
2024-07-17 19:48:39+00:00,usd_mxn,17.69,17.71,0.113
2024-07-17 19:48:40+00:00,usd_mxn,17.69,17.71,0.113
2024-07-17 19:48:41+00:00,usd_mxn,17.69,17.7,0.056
2024-07-17 19:48:42+00:00,usd_mxn,17.69,17.7,0.056
2024-07-17 19:48:43+00:00,usd_mxn,17.69,17.7,0.056
2024-07-17 19:48:44+00:00,usd_mxn,17.69,17.7,0.056
2024-07-17 19:48:45+00:00,usd_mxn,17.69,17.7,0.056
2024-07-17 19:48:46+00:00,usd_mxn,17.69,17.7,0.056
2024-07-17 19:48:47+00:00,usd_mxn,17.69,17.7,0.056
2024-07-17 19:48:48+00:00,usd_mxn,17.69,17.7,0.056
2024-07-17 19:48:49+00:00,usd_mxn,17.69,17.7,0.056
2024-07-17 19:48:50+00:00,usd_mxn,17.69,17.7,0.056
2024-07-17 19:48:52+00:00,usd_mxn,17.69,17.7,0.056
2024-07-17 19:48:53+00:00,usd_mxn,17.69,17.7,0.056
2024-07-17 19:48:54+00:00,usd_mxn,17.69,17.7,0.056
2024-07-17 19:48:55+00:00,usd_mxn,17.69,17.7,0.056
2024-07-17 19:48:56+00:00,usd_mxn,17.69,17.7,0.056
2024-07-17 19:48:57+00:00,usd_mxn,17.69,17.7,0.056
2024-07-17 19:48:58+00:00,usd_mxn,17.69,17.7,0.056
2024-07-17 19:48:59+00:00,usd_mxn,17.69,17.7,0.056
2024-07-17 19:49:00+00:00,usd_mxn,17.69,17.7,0.056
2024-07-17 19:49:01+00:00,usd_mxn,17.69,17.7,0.056
2024-07-17 19:49:02+00:00,usd_mxn,17.69,17.7,0.056
2024-07-17 19:49:03+00:00,usd_mxn,17.69,17.7,0.056
2024-07-17 19:49:04+00:00,usd_mxn,17.69,17.7,0.056
2024-07-17 19:49:05+00:00,usd_mxn,17.69,17.7,0.056
2024-07-17 19:49:06+00:00,usd_mxn,17.69,17.7,0.056
2024-07-17 19:49:07+00:00,usd_mxn,17.69,17.7,0.056
2024-07-17 19:49:08+00:00,usd_mxn,17.69,17.7,0.056
2024-07-17 19:49:09+00:00,usd_mxn,17.69,17.7,0.056
2024-07-17 19:49:10+00:00,usd_mxn,17.69,17.7,0.056
2024-07-17 19:49:11+00:00,usd_mxn,17.69,17.7,0.056
2024-07-17 19:49:12+00:00,usd_mxn,17.69,17.7,0.056
2024-07-17 19:49:13+00:00,usd_mxn,17.69,17.7,0.056
2024-07-17 19:49:14+00:00,usd_mxn,17.69,17.7,0.056
2024-07-17 19:49:15+00:00,usd_mxn,17.69,17.7,0.056
2024-07-17 19:49:16+00:00,usd_mxn,17.69,17.7,0.056
2024-07-17 19:49:17+00:00,usd_mxn,17.69,17.7,0.056
2024-07-17 19:49:18+00:00,usd_mxn,17.69,17.7,0.056
2024-07-17 19:49:19+00:00,usd_mxn,17.69,17.7,0.056
2024-07-17 19:49:20+00:00,usd_mxn,17.69,17.7,0.056
2024-07-17 19:49:21+00:00,usd_mxn,17.69,17.7,0.056
2024-07-17 19:49:22+00:00,usd_mxn,17.69,17.7,0.056
2024-07-17 19:49:23+00:00,usd_mxn,17.69,17.7,0.056
2024-07-17 19:49:24+00:00,usd_mxn,17.69,17.7,0.056
2024-07-17 19:49:25+00:00,usd_mxn,17.69,17.7,0.056
2024-07-17 19:49:26+00:00,usd_mxn,17.69,17.7,0.056
2024-07-17 19:49:27+00:00,usd_mxn,17.69,17.7,0.056
2024-07-17 19:49:28+00:00,usd_mxn,17.69,17.7,0.056
2024-07-17 19:49:29+00:00,usd_mxn,17.69,17.7,0.056
2024-07-17 19:49:30+00:00,usd_mxn,17.69,17.7,0.056
2024-07-17 19:49:31+00:00,usd_mxn,17.69,17.7,0.056
2024-07-17 19:49:32+00:00,usd_mxn,17.69,17.7,0.056
2024-07-17 19:49:33+00:00,usd_mxn,17.69,17.7,0.056
2024-07-17 19:49:34+00:00,usd_mxn,17.69,17.7,0.056
2024-07-17 19:49:35+00:00,usd_mxn,17.69,17.7,0.056
2024-07-17 19:49:36+00:00,usd_mxn,17.69,17.7,0.056
2024-07-17 19:49:37+00:00,usd_mxn,17.69,17.7,0.056
2024-07-17 19:49:38+00:00,usd_mxn,17.69,17.7,0.056
2024-07-17 19:49:39+00:00,usd_mxn,17.69,17.7,0.056
2024-07-17 19:49:40+00:00,usd_mxn,17.69,17.7,0.056
2024-07-17 19:49:41+00:00,usd_mxn,17.69,17.7,0.056
2024-07-17 19:49:42+00:00,usd_mxn,17.69,17.7,0.056
2024-07-17 19:49:43+00:00,usd_mxn,17.69,17.7,0.056
2024-07-17 19:49:44+00:00,usd_mxn,17.69,17.7,0.056
2024-07-17 19:49:45+00:00,usd_mxn,17.69,17.7,0.056
2024-07-17 19:49:46+00:00,usd_mxn,17.69,17.7,0.056
2024-07-17 19:49:47+00:00,usd_mxn,17.69,17.7,0.056
2024-07-17 19:49:48+00:00,usd_mxn,17.69,17.7,0.056
2024-07-17 19:49:49+00:00,usd_mxn,17.69,17.7,0.056
2024-07-17 19:49:50+00:00,usd_mxn,17.69,17.7,0.056
2024-07-17 19:49:51+00:00,usd_mxn,17.69,17.7,0.056
2024-07-17 19:49:52+00:00,usd_mxn,17.69,17.7,0.056
2024-07-17 19:49:53+00:00,usd_mxn,17.69,17.7,0.056
2024-07-17 19:49:54+00:00,usd_mxn,17.69,17.7,0.056
2024-07-17 19:49:56+00:00,usd_mxn,17.69,17.7,0.056
2024-07-17 19:49:57+00:00,usd_mxn,17.69,17.7,0.056
2024-07-17 19:49:58+00:00,usd_mxn,17.69,17.7,0.056
2024-07-17 19:49:59+00:00,usd_mxn,17.69,17.7,0.056
2024-07-17 19:50:00+00:00,usd_mxn,17.69,17.7,0.056
2024-07-17 19:50:01+00:00,usd_mxn,17.69,17.7,0.056
2024-07-17 19:50:02+00:00,usd_mxn,17.69,17.7,0.056
2024-07-17 19:50:03+00:00,usd_mxn,17.69,17.7,0.056
2024-07-17 19:50:04+00:00,usd_mxn,17.69,17.7,0.056
2024-07-17 19:50:05+00:00,usd_mxn,17.69,17.7,0.056
2024-07-17 19:50:06+00:00,usd_mxn,17.69,17.7,0.056
2024-07-17 19:50:07+00:00,usd_mxn,17.69,17.7,0.056
2024-07-17 19:50:08+00:00,usd_mxn,17.69,17.7,0.056
2024-07-17 19:50:09+00:00,usd_mxn,17.69,17.7,0.056
2024-07-17 19:50:10+00:00,usd_mxn,17.69,17.7,0.056
2024-07-17 19:50:11+00:00,usd_mxn,17.69,17.7,0.056
2024-07-17 19:50:12+00:00,usd_mxn,17.69,17.7,0.056
2024-07-17 19:50:13+00:00,usd_mxn,17.69,17.7,0.056
2024-07-17 19:50:14+00:00,usd_mxn,17.69,17.7,0.056
2024-07-17 19:50:15+00:00,usd_mxn,17.69,17.7,0.056
2024-07-17 19:50:16+00:00,usd_mxn,17.69,17.7,0.056
2024-07-17 19:50:17+00:00,usd_mxn,17.69,17.7,0.056
2024-07-17 19:50:18+00:00,usd_mxn,17.69,17.7,0.056
2024-07-17 19:50:19+00:00,usd_mxn,17.69,17.7,0.056
2024-07-17 19:50:20+00:00,usd_mxn,17.69,17.7,0.056
2024-07-17 19:50:21+00:00,usd_mxn,17.69,17.7,0.056
2024-07-17 19:50:22+00:00,usd_mxn,17.69,17.7,0.056
2024-07-17 19:50:23+00:00,usd_mxn,17.69,17.7,0.056
2024-07-17 19:50:24+00:00,usd_mxn,17.69,17.7,0.056
2024-07-17 19:50:25+00:00,usd_mxn,17.69,17.7,0.056
2024-07-17 19:50:26+00:00,usd_mxn,17.69,17.7,0.056
2024-07-17 19:50:27+00:00,usd_mxn,17.69,17.7,0.056
2024-07-17 19:50:28+00:00,usd_mxn,17.69,17.7,0.056
2024-07-17 19:50:29+00:00,usd_mxn,17.69,17.7,0.056
2024-07-17 19:50:30+00:00,usd_mxn,17.69,17.7,0.056
2024-07-17 19:50:31+00:00,usd_mxn,17.69,17.7,0.056
2024-07-17 19:50:32+00:00,usd_mxn,17.69,17.7,0.056
2024-07-17 19:50:33+00:00,usd_mxn,17.69,17.7,0.056
2024-07-17 19:50:34+00:00,usd_mxn,17.69,17.7,0.056
2024-07-17 19:50:35+00:00,usd_mxn,17.69,17.7,0.056
2024-07-17 19:50:36+00:00,usd_mxn,17.69,17.7,0.056
2024-07-17 19:50:37+00:00,usd_mxn,17.69,17.7,0.056
2024-07-17 19:50:38+00:00,usd_mxn,17.69,17.7,0.056
2024-07-17 19:50:39+00:00,usd_mxn,17.69,17.7,0.056
2024-07-17 19:50:40+00:00,usd_mxn,17.69,17.7,0.056
2024-07-17 19:50:41+00:00,usd_mxn,17.69,17.7,0.056
2024-07-17 19:50:42+00:00,usd_mxn,17.69,17.7,0.056
2024-07-17 19:50:43+00:00,usd_mxn,17.69,17.7,0.056
2024-07-17 19:50:44+00:00,usd_mxn,17.69,17.7,0.056
2024-07-17 19:50:45+00:00,usd_mxn,17.69,17.7,0.056
2024-07-17 19:50:46+00:00,usd_mxn,17.69,17.7,0.056
2024-07-17 19:50:47+00:00,usd_mxn,17.69,17.7,0.056
2024-07-17 19:50:48+00:00,usd_mxn,17.69,17.7,0.056
2024-07-17 19:50:49+00:00,usd_mxn,17.69,17.7,0.056
2024-07-17 19:50:50+00:00,usd_mxn,17.69,17.7,0.056
2024-07-17 19:50:51+00:00,usd_mxn,17.69,17.7,0.056
2024-07-17 19:50:52+00:00,usd_mxn,17.69,17.7,0.056
2024-07-17 19:50:53+00:00,usd_mxn,17.69,17.7,0.056
2024-07-17 19:50:54+00:00,usd_mxn,17.69,17.7,0.056
2024-07-17 19:50:55+00:00,usd_mxn,17.69,17.7,0.056
2024-07-17 19:50:57+00:00,usd_mxn,17.69,17.7,0.056
2024-07-17 19:50:58+00:00,usd_mxn,17.69,17.7,0.056
2024-07-17 19:50:59+00:00,usd_mxn,17.69,17.7,0.056
2024-07-17 19:51:00+00:00,usd_mxn,17.69,17.7,0.056
2024-07-17 19:51:01+00:00,usd_mxn,17.69,17.7,0.056
2024-07-17 19:51:02+00:00,usd_mxn,17.69,17.7,0.056
2024-07-17 19:51:03+00:00,usd_mxn,17.69,17.7,0.056
2024-07-17 19:51:04+00:00,usd_mxn,17.69,17.7,0.056
2024-07-17 19:51:05+00:00,usd_mxn,17.69,17.7,0.056
2024-07-17 19:51:06+00:00,usd_mxn,17.69,17.7,0.056
2024-07-17 19:51:07+00:00,usd_mxn,17.69,17.7,0.056
2024-07-17 19:51:08+00:00,usd_mxn,17.69,17.7,0.056
2024-07-17 19:51:09+00:00,usd_mxn,17.69,17.7,0.056
2024-07-17 19:51:10+00:00,usd_mxn,17.69,17.7,0.056
2024-07-17 19:51:11+00:00,usd_mxn,17.69,17.7,0.056
2024-07-17 19:51:12+00:00,usd_mxn,17.69,17.7,0.056
2024-07-17 19:51:13+00:00,usd_mxn,17.69,17.7,0.056
2024-07-17 19:51:14+00:00,usd_mxn,17.69,17.7,0.056
2024-07-17 19:51:15+00:00,usd_mxn,17.69,17.7,0.056
2024-07-17 19:51:16+00:00,usd_mxn,17.69,17.7,0.056
2024-07-17 19:51:17+00:00,usd_mxn,17.69,17.7,0.056
2024-07-17 19:51:18+00:00,usd_mxn,17.69,17.7,0.056
2024-07-17 19:51:19+00:00,usd_mxn,17.69,17.7,0.056
2024-07-17 19:51:20+00:00,usd_mxn,17.69,17.7,0.056
2024-07-17 19:51:21+00:00,usd_mxn,17.69,17.7,0.056
2024-07-17 19:51:22+00:00,usd_mxn,17.69,17.7,0.056
2024-07-17 19:51:23+00:00,usd_mxn,17.69,17.7,0.056
2024-07-17 19:51:24+00:00,usd_mxn,17.69,17.7,0.056
2024-07-17 19:51:25+00:00,usd_mxn,17.69,17.7,0.056
2024-07-17 19:51:26+00:00,usd_mxn,17.69,17.7,0.056
2024-07-17 19:51:27+00:00,usd_mxn,17.69,17.7,0.056
2024-07-17 19:51:28+00:00,usd_mxn,17.69,17.7,0.056
2024-07-17 19:51:29+00:00,usd_mxn,17.69,17.7,0.056
2024-07-17 19:51:30+00:00,usd_mxn,17.69,17.7,0.056
2024-07-17 19:51:31+00:00,usd_mxn,17.69,17.7,0.056
2024-07-17 19:51:32+00:00,usd_mxn,17.69,17.7,0.056
2024-07-17 19:51:33+00:00,usd_mxn,17.69,17.7,0.056
2024-07-17 19:51:34+00:00,usd_mxn,17.69,17.7,0.056
2024-07-17 19:51:35+00:00,usd_mxn,17.69,17.7,0.056
2024-07-17 19:51:36+00:00,usd_mxn,17.69,17.7,0.056
2024-07-17 19:51:37+00:00,usd_mxn,17.69,17.7,0.056
2024-07-17 19:51:38+00:00,usd_mxn,17.69,17.7,0.056
2024-07-17 19:51:39+00:00,usd_mxn,17.69,17.7,0.056
2024-07-17 19:51:40+00:00,usd_mxn,17.69,17.7,0.056
2024-07-17 19:51:41+00:00,usd_mxn,17.69,17.7,0.056
2024-07-17 19:51:42+00:00,usd_mxn,17.69,17.7,0.056
2024-07-17 19:51:43+00:00,usd_mxn,17.69,17.7,0.056
2024-07-17 19:51:44+00:00,usd_mxn,17.69,17.7,0.056
2024-07-17 19:51:45+00:00,usd_mxn,17.69,17.7,0.056
2024-07-17 19:51:46+00:00,usd_mxn,17.69,17.7,0.056
2024-07-17 19:51:47+00:00,usd_mxn,17.69,17.7,0.056
2024-07-17 19:51:48+00:00,usd_mxn,17.69,17.7,0.056
2024-07-17 19:51:49+00:00,usd_mxn,17.69,17.7,0.056
2024-07-17 19:51:50+00:00,usd_mxn,17.69,17.7,0.056
2024-07-17 19:51:52+00:00,usd_mxn,17.69,17.7,0.056
2024-07-17 19:51:53+00:00,usd_mxn,17.69,17.7,0.056
2024-07-17 19:51:53+00:00,usd_mxn,17.69,17.7,0.056
2024-07-17 19:51:54+00:00,usd_mxn,17.69,17.7,0.056
2024-07-17 19:51:56+00:00,usd_mxn,17.69,17.7,0.056
2024-07-17 19:51:57+00:00,usd_mxn,17.69,17.7,0.056
2024-07-17 19:51:58+00:00,usd_mxn,17.69,17.7,0.056
2024-07-17 19:51:59+00:00,usd_mxn,17.69,17.7,0.056
2024-07-17 19:52:00+00:00,usd_mxn,17.69,17.7,0.056
2024-07-17 19:52:01+00:00,usd_mxn,17.69,17.7,0.056
2024-07-17 19:52:02+00:00,usd_mxn,17.69,17.7,0.056
2024-07-17 19:52:03+00:00,usd_mxn,17.69,17.7,0.056
2024-07-17 19:52:04+00:00,usd_mxn,17.69,17.7,0.056
2024-07-17 19:52:05+00:00,usd_mxn,17.69,17.7,0.056
2024-07-17 19:52:06+00:00,usd_mxn,17.69,17.7,0.056
2024-07-17 19:52:07+00:00,usd_mxn,17.69,17.7,0.056
2024-07-17 19:52:08+00:00,usd_mxn,17.69,17.7,0.056
2024-07-17 19:52:09+00:00,usd_mxn,17.69,17.7,0.056
2024-07-17 19:52:10+00:00,usd_mxn,17.69,17.7,0.056
2024-07-17 19:52:11+00:00,usd_mxn,17.69,17.7,0.056
2024-07-17 19:52:12+00:00,usd_mxn,17.69,17.7,0.056
2024-07-17 19:52:13+00:00,usd_mxn,17.69,17.7,0.056
2024-07-17 19:52:14+00:00,usd_mxn,17.69,17.7,0.056
2024-07-17 19:52:15+00:00,usd_mxn,17.69,17.7,0.056
2024-07-17 19:52:16+00:00,usd_mxn,17.69,17.7,0.056
