orderbook_timestamp,book,bid,ask,spread
2024-07-17 02:30:34+00:00,usd_mxn,17.62,17.65,0.17
2024-07-17 02:30:35+00:00,usd_mxn,17.62,17.65,0.17
2024-07-17 02:30:36+00:00,usd_mxn,17.62,17.65,0.17
2024-07-17 02:30:37+00:00,usd_mxn,17.62,17.65,0.17
2024-07-17 02:30:38+00:00,usd_mxn,17.62,17.65,0.17
2024-07-17 02:30:39+00:00,usd_mxn,17.62,17.65,0.17
2024-07-17 02:30:40+00:00,usd_mxn,17.62,17.65,0.17
2024-07-17 02:30:41+00:00,usd_mxn,17.62,17.65,0.17
2024-07-17 02:30:43+00:00,usd_mxn,17.62,17.65,0.17
2024-07-17 02:30:43+00:00,usd_mxn,17.62,17.65,0.17
2024-07-17 02:30:44+00:00,usd_mxn,17.62,17.65,0.17
2024-07-17 02:30:45+00:00,usd_mxn,17.62,17.65,0.17
2024-07-17 02:30:46+00:00,usd_mxn,17.62,17.65,0.17
2024-07-17 02:30:47+00:00,usd_mxn,17.62,17.65,0.17
2024-07-17 02:30:48+00:00,usd_mxn,17.62,17.65,0.17
2024-07-17 02:30:49+00:00,usd_mxn,17.62,17.65,0.17
2024-07-17 02:30:50+00:00,usd_mxn,17.62,17.65,0.17
2024-07-17 02:30:51+00:00,usd_mxn,17.62,17.65,0.17
2024-07-17 02:30:52+00:00,usd_mxn,17.62,17.65,0.17
2024-07-17 02:30:53+00:00,usd_mxn,17.62,17.65,0.17
2024-07-17 02:30:54+00:00,usd_mxn,17.62,17.65,0.17
2024-07-17 02:30:55+00:00,usd_mxn,17.62,17.65,0.17
2024-07-17 02:30:56+00:00,usd_mxn,17.62,17.65,0.17
2024-07-17 02:30:57+00:00,usd_mxn,17.62,17.65,0.17
2024-07-17 02:30:58+00:00,usd_mxn,17.62,17.65,0.17
2024-07-17 02:30:59+00:00,usd_mxn,17.62,17.65,0.17
2024-07-17 02:31:00+00:00,usd_mxn,17.62,17.65,0.17
2024-07-17 02:31:01+00:00,usd_mxn,17.62,17.65,0.17
2024-07-17 02:31:02+00:00,usd_mxn,17.62,17.65,0.17
2024-07-17 02:31:03+00:00,usd_mxn,17.62,17.65,0.17
2024-07-17 02:31:04+00:00,usd_mxn,17.62,17.65,0.17
2024-07-17 02:31:05+00:00,usd_mxn,17.62,17.65,0.17
2024-07-17 02:31:06+00:00,usd_mxn,17.62,17.65,0.17
2024-07-17 02:31:07+00:00,usd_mxn,17.62,17.65,0.17
2024-07-17 02:31:08+00:00,usd_mxn,17.62,17.65,0.17
2024-07-17 02:31:10+00:00,usd_mxn,17.62,17.65,0.17
2024-07-17 02:31:10+00:00,usd_mxn,17.62,17.65,0.17
2024-07-17 02:31:12+00:00,usd_mxn,17.62,17.65,0.17
2024-07-17 02:31:13+00:00,usd_mxn,17.62,17.65,0.17
2024-07-17 02:31:14+00:00,usd_mxn,17.62,17.65,0.17
2024-07-17 02:31:15+00:00,usd_mxn,17.62,17.65,0.17
2024-07-17 02:31:16+00:00,usd_mxn,17.62,17.65,0.17
2024-07-17 02:31:17+00:00,usd_mxn,17.62,17.65,0.17
2024-07-17 02:31:18+00:00,usd_mxn,17.62,17.65,0.17
2024-07-17 02:31:19+00:00,usd_mxn,17.62,17.65,0.17
2024-07-17 02:31:20+00:00,usd_mxn,17.62,17.65,0.17
2024-07-17 02:31:21+00:00,usd_mxn,17.62,17.65,0.17
2024-07-17 02:31:22+00:00,usd_mxn,17.62,17.65,0.17
2024-07-17 02:31:23+00:00,usd_mxn,17.62,17.65,0.17
2024-07-17 02:31:24+00:00,usd_mxn,17.62,17.65,0.17
2024-07-17 02:31:25+00:00,usd_mxn,17.62,17.65,0.17
2024-07-17 02:31:26+00:00,usd_mxn,17.62,17.65,0.17
2024-07-17 02:31:27+00:00,usd_mxn,17.62,17.65,0.17
2024-07-17 02:31:28+00:00,usd_mxn,17.62,17.65,0.17
2024-07-17 02:31:29+00:00,usd_mxn,17.62,17.65,0.17
2024-07-17 02:31:30+00:00,usd_mxn,17.62,17.65,0.17
2024-07-17 02:31:31+00:00,usd_mxn,17.62,17.65,0.17
2024-07-17 02:31:32+00:00,usd_mxn,17.62,17.65,0.17
2024-07-17 02:31:33+00:00,usd_mxn,17.62,17.65,0.17
2024-07-17 02:31:34+00:00,usd_mxn,17.62,17.65,0.17
2024-07-17 02:31:35+00:00,usd_mxn,17.62,17.65,0.17
2024-07-17 02:31:36+00:00,usd_mxn,17.62,17.65,0.17
2024-07-17 02:31:37+00:00,usd_mxn,17.62,17.65,0.17
2024-07-17 02:31:38+00:00,usd_mxn,17.62,17.65,0.17
2024-07-17 02:31:39+00:00,usd_mxn,17.62,17.65,0.17
2024-07-17 02:31:40+00:00,usd_mxn,17.62,17.65,0.17
2024-07-17 02:31:41+00:00,usd_mxn,17.62,17.65,0.17
2024-07-17 02:31:42+00:00,usd_mxn,17.62,17.65,0.17
2024-07-17 02:31:43+00:00,usd_mxn,17.62,17.65,0.17
2024-07-17 02:31:44+00:00,usd_mxn,17.62,17.65,0.17
2024-07-17 02:31:45+00:00,usd_mxn,17.62,17.65,0.17
2024-07-17 02:31:46+00:00,usd_mxn,17.62,17.65,0.17
2024-07-17 02:31:47+00:00,usd_mxn,17.62,17.65,0.17
2024-07-17 02:31:48+00:00,usd_mxn,17.62,17.65,0.17
2024-07-17 02:31:49+00:00,usd_mxn,17.62,17.65,0.17
2024-07-17 02:31:50+00:00,usd_mxn,17.62,17.65,0.17
2024-07-17 02:31:51+00:00,usd_mxn,17.62,17.65,0.17
2024-07-17 02:31:52+00:00,usd_mxn,17.62,17.65,0.17
2024-07-17 02:31:53+00:00,usd_mxn,17.62,17.65,0.17
2024-07-17 02:31:54+00:00,usd_mxn,17.62,17.65,0.17
2024-07-17 02:31:55+00:00,usd_mxn,17.62,17.65,0.17
2024-07-17 02:31:57+00:00,usd_mxn,17.62,17.65,0.17
2024-07-17 02:31:57+00:00,usd_mxn,17.62,17.65,0.17
2024-07-17 02:31:58+00:00,usd_mxn,17.62,17.65,0.17
2024-07-17 02:31:59+00:00,usd_mxn,17.62,17.65,0.17
2024-07-17 02:32:00+00:00,usd_mxn,17.62,17.65,0.17
2024-07-17 02:32:01+00:00,usd_mxn,17.62,17.65,0.17
2024-07-17 02:32:02+00:00,usd_mxn,17.62,17.65,0.17
2024-07-17 02:32:03+00:00,usd_mxn,17.62,17.65,0.17
2024-07-17 02:32:04+00:00,usd_mxn,17.62,17.65,0.17
2024-07-17 02:32:05+00:00,usd_mxn,17.62,17.65,0.17
2024-07-17 02:32:06+00:00,usd_mxn,17.62,17.65,0.17
2024-07-17 02:32:07+00:00,usd_mxn,17.62,17.65,0.17
2024-07-17 02:32:08+00:00,usd_mxn,17.62,17.65,0.17
2024-07-17 02:32:09+00:00,usd_mxn,17.62,17.65,0.17
2024-07-17 02:32:10+00:00,usd_mxn,17.62,17.65,0.17
2024-07-17 02:32:11+00:00,usd_mxn,17.62,17.65,0.17
2024-07-17 02:32:12+00:00,usd_mxn,17.62,17.65,0.17
2024-07-17 02:32:13+00:00,usd_mxn,17.62,17.65,0.17
2024-07-17 02:32:14+00:00,usd_mxn,17.62,17.65,0.17
2024-07-17 02:32:15+00:00,usd_mxn,17.62,17.65,0.17
2024-07-17 02:32:16+00:00,usd_mxn,17.62,17.65,0.17
2024-07-17 02:32:17+00:00,usd_mxn,17.62,17.65,0.17
2024-07-17 02:32:18+00:00,usd_mxn,17.62,17.65,0.17
2024-07-17 02:32:19+00:00,usd_mxn,17.62,17.65,0.17
2024-07-17 02:32:20+00:00,usd_mxn,17.62,17.65,0.17
2024-07-17 02:32:21+00:00,usd_mxn,17.62,17.65,0.17
2024-07-17 02:32:22+00:00,usd_mxn,17.62,17.65,0.17
2024-07-17 02:32:24+00:00,usd_mxn,17.62,17.65,0.17
2024-07-17 02:32:24+00:00,usd_mxn,17.62,17.65,0.17
2024-07-17 02:32:25+00:00,usd_mxn,17.62,17.65,0.17
2024-07-17 02:32:26+00:00,usd_mxn,17.62,17.65,0.17
2024-07-17 02:32:27+00:00,usd_mxn,17.62,17.65,0.17
2024-07-17 02:32:28+00:00,usd_mxn,17.62,17.65,0.17
2024-07-17 02:32:29+00:00,usd_mxn,17.62,17.65,0.17
2024-07-17 02:32:30+00:00,usd_mxn,17.62,17.65,0.17
2024-07-17 02:32:32+00:00,usd_mxn,17.62,17.65,0.17
2024-07-17 02:32:33+00:00,usd_mxn,17.62,17.65,0.17
2024-07-17 02:32:34+00:00,usd_mxn,17.62,17.65,0.17
2024-07-17 02:32:35+00:00,usd_mxn,17.62,17.65,0.17
2024-07-17 02:32:36+00:00,usd_mxn,17.62,17.65,0.17
2024-07-17 02:32:37+00:00,usd_mxn,17.62,17.65,0.17
2024-07-17 02:32:38+00:00,usd_mxn,17.62,17.65,0.17
2024-07-17 02:32:39+00:00,usd_mxn,17.62,17.65,0.17
2024-07-17 02:32:40+00:00,usd_mxn,17.62,17.65,0.17
2024-07-17 02:32:41+00:00,usd_mxn,17.62,17.65,0.17
2024-07-17 02:32:42+00:00,usd_mxn,17.62,17.65,0.17
2024-07-17 02:32:43+00:00,usd_mxn,17.62,17.65,0.17
2024-07-17 02:32:44+00:00,usd_mxn,17.62,17.65,0.17
2024-07-17 02:32:45+00:00,usd_mxn,17.62,17.65,0.17
2024-07-17 02:32:46+00:00,usd_mxn,17.62,17.65,0.17
2024-07-17 02:32:47+00:00,usd_mxn,17.62,17.65,0.17
2024-07-17 02:32:48+00:00,usd_mxn,17.62,17.65,0.17
2024-07-17 02:32:49+00:00,usd_mxn,17.62,17.65,0.17
2024-07-17 02:32:50+00:00,usd_mxn,17.62,17.65,0.17
2024-07-17 02:32:51+00:00,usd_mxn,17.62,17.65,0.17
2024-07-17 02:32:52+00:00,usd_mxn,17.62,17.65,0.17
2024-07-17 02:32:53+00:00,usd_mxn,17.62,17.65,0.17
2024-07-17 02:32:54+00:00,usd_mxn,17.62,17.65,0.17
2024-07-17 02:32:55+00:00,usd_mxn,17.62,17.65,0.17
2024-07-17 02:32:56+00:00,usd_mxn,17.62,17.65,0.17
2024-07-17 02:32:58+00:00,usd_mxn,17.62,17.65,0.17
2024-07-17 02:32:58+00:00,usd_mxn,17.62,17.65,0.17
2024-07-17 02:32:59+00:00,usd_mxn,17.62,17.65,0.17
2024-07-17 02:33:00+00:00,usd_mxn,17.62,17.65,0.17
2024-07-17 02:33:01+00:00,usd_mxn,17.62,17.65,0.17
2024-07-17 02:33:02+00:00,usd_mxn,17.62,17.65,0.17
2024-07-17 02:33:03+00:00,usd_mxn,17.62,17.65,0.17
2024-07-17 02:33:04+00:00,usd_mxn,17.62,17.65,0.17
2024-07-17 02:33:05+00:00,usd_mxn,17.62,17.65,0.17
2024-07-17 02:33:06+00:00,usd_mxn,17.62,17.65,0.17
2024-07-17 02:33:07+00:00,usd_mxn,17.62,17.65,0.17
2024-07-17 02:33:08+00:00,usd_mxn,17.62,17.65,0.17
2024-07-17 02:33:09+00:00,usd_mxn,17.62,17.65,0.17
2024-07-17 02:33:10+00:00,usd_mxn,17.62,17.65,0.17
2024-07-17 02:33:11+00:00,usd_mxn,17.62,17.65,0.17
2024-07-17 02:33:12+00:00,usd_mxn,17.62,17.65,0.17
2024-07-17 02:33:13+00:00,usd_mxn,17.62,17.65,0.17
2024-07-17 02:33:14+00:00,usd_mxn,17.62,17.65,0.17
2024-07-17 02:33:15+00:00,usd_mxn,17.62,17.65,0.17
2024-07-17 02:33:16+00:00,usd_mxn,17.62,17.65,0.17
2024-07-17 02:33:17+00:00,usd_mxn,17.62,17.65,0.17
2024-07-17 02:33:18+00:00,usd_mxn,17.62,17.65,0.17
2024-07-17 02:33:19+00:00,usd_mxn,17.62,17.65,0.17
2024-07-17 02:33:20+00:00,usd_mxn,17.62,17.65,0.17
2024-07-17 02:33:21+00:00,usd_mxn,17.62,17.65,0.17
2024-07-17 02:33:22+00:00,usd_mxn,17.62,17.65,0.17
2024-07-17 02:33:23+00:00,usd_mxn,17.62,17.65,0.17
2024-07-17 02:33:24+00:00,usd_mxn,17.62,17.65,0.17
2024-07-17 02:33:25+00:00,usd_mxn,17.62,17.65,0.17
2024-07-17 02:33:26+00:00,usd_mxn,17.62,17.65,0.17
2024-07-17 02:33:27+00:00,usd_mxn,17.62,17.65,0.17
2024-07-17 02:33:28+00:00,usd_mxn,17.62,17.65,0.17
2024-07-17 02:33:29+00:00,usd_mxn,17.62,17.65,0.17
2024-07-17 02:33:30+00:00,usd_mxn,17.62,17.65,0.17
2024-07-17 02:33:31+00:00,usd_mxn,17.62,17.65,0.17
2024-07-17 02:33:32+00:00,usd_mxn,17.62,17.65,0.17
2024-07-17 02:33:34+00:00,usd_mxn,17.62,17.65,0.17
2024-07-17 02:33:34+00:00,usd_mxn,17.62,17.64,0.113
2024-07-17 02:33:35+00:00,usd_mxn,17.62,17.64,0.113
2024-07-17 02:33:37+00:00,usd_mxn,17.62,17.64,0.113
2024-07-17 02:33:37+00:00,usd_mxn,17.62,17.64,0.113
2024-07-17 02:33:39+00:00,usd_mxn,17.62,17.64,0.113
2024-07-17 02:33:40+00:00,usd_mxn,17.62,17.64,0.113
2024-07-17 02:33:40+00:00,usd_mxn,17.62,17.64,0.113
2024-07-17 02:33:42+00:00,usd_mxn,17.62,17.64,0.113
2024-07-17 02:33:43+00:00,usd_mxn,17.62,17.64,0.113
2024-07-17 02:33:44+00:00,usd_mxn,17.62,17.64,0.113
2024-07-17 02:33:45+00:00,usd_mxn,17.62,17.64,0.113
2024-07-17 02:33:46+00:00,usd_mxn,17.62,17.64,0.113
2024-07-17 02:33:47+00:00,usd_mxn,17.62,17.64,0.113
2024-07-17 02:33:48+00:00,usd_mxn,17.62,17.64,0.113
2024-07-17 02:33:49+00:00,usd_mxn,17.62,17.64,0.113
2024-07-17 02:33:50+00:00,usd_mxn,17.62,17.64,0.113
2024-07-17 02:33:51+00:00,usd_mxn,17.62,17.64,0.113
2024-07-17 02:33:52+00:00,usd_mxn,17.62,17.64,0.113
2024-07-17 02:33:53+00:00,usd_mxn,17.62,17.64,0.113
2024-07-17 02:33:54+00:00,usd_mxn,17.62,17.64,0.113
2024-07-17 02:33:55+00:00,usd_mxn,17.62,17.64,0.113
2024-07-17 02:33:56+00:00,usd_mxn,17.62,17.64,0.113
2024-07-17 02:33:57+00:00,usd_mxn,17.62,17.64,0.113
2024-07-17 02:33:58+00:00,usd_mxn,17.62,17.64,0.113
2024-07-17 02:33:59+00:00,usd_mxn,17.62,17.64,0.113
2024-07-17 02:34:00+00:00,usd_mxn,17.62,17.64,0.113
2024-07-17 02:34:01+00:00,usd_mxn,17.62,17.64,0.113
2024-07-17 02:34:02+00:00,usd_mxn,17.62,17.64,0.113
2024-07-17 02:34:03+00:00,usd_mxn,17.62,17.64,0.113
2024-07-17 02:34:04+00:00,usd_mxn,17.62,17.64,0.113
2024-07-17 02:34:05+00:00,usd_mxn,17.62,17.64,0.113
2024-07-17 02:34:06+00:00,usd_mxn,17.62,17.64,0.113
2024-07-17 02:34:07+00:00,usd_mxn,17.62,17.64,0.113
2024-07-17 02:34:08+00:00,usd_mxn,17.62,17.64,0.113
2024-07-17 02:34:09+00:00,usd_mxn,17.62,17.64,0.113
2024-07-17 02:34:10+00:00,usd_mxn,17.62,17.64,0.113
2024-07-17 02:34:11+00:00,usd_mxn,17.62,17.64,0.113
2024-07-17 02:34:12+00:00,usd_mxn,17.62,17.64,0.113
2024-07-17 02:34:13+00:00,usd_mxn,17.62,17.64,0.113
2024-07-17 02:34:14+00:00,usd_mxn,17.62,17.64,0.113
2024-07-17 02:34:15+00:00,usd_mxn,17.62,17.64,0.113
2024-07-17 02:34:16+00:00,usd_mxn,17.62,17.64,0.113
2024-07-17 02:34:17+00:00,usd_mxn,17.62,17.64,0.113
2024-07-17 02:34:18+00:00,usd_mxn,17.62,17.64,0.113
2024-07-17 02:34:19+00:00,usd_mxn,17.62,17.64,0.113
2024-07-17 02:34:20+00:00,usd_mxn,17.62,17.64,0.113
2024-07-17 02:34:21+00:00,usd_mxn,17.62,17.64,0.113
2024-07-17 02:34:22+00:00,usd_mxn,17.62,17.64,0.113
2024-07-17 02:34:23+00:00,usd_mxn,17.62,17.64,0.113
2024-07-17 02:34:24+00:00,usd_mxn,17.62,17.64,0.113
2024-07-17 02:34:25+00:00,usd_mxn,17.62,17.64,0.113
2024-07-17 02:34:26+00:00,usd_mxn,17.62,17.65,0.17
2024-07-17 02:34:27+00:00,usd_mxn,17.62,17.65,0.17
2024-07-17 02:34:28+00:00,usd_mxn,17.62,17.65,0.17
2024-07-17 02:34:29+00:00,usd_mxn,17.62,17.65,0.17
2024-07-17 02:34:30+00:00,usd_mxn,17.62,17.65,0.17
2024-07-17 02:34:31+00:00,usd_mxn,17.62,17.65,0.17
2024-07-17 02:34:32+00:00,usd_mxn,17.62,17.65,0.17
2024-07-17 02:34:33+00:00,usd_mxn,17.62,17.65,0.17
2024-07-17 02:34:34+00:00,usd_mxn,17.62,17.65,0.17
2024-07-17 02:34:35+00:00,usd_mxn,17.62,17.65,0.17
2024-07-17 02:34:36+00:00,usd_mxn,17.62,17.65,0.17
2024-07-17 02:34:38+00:00,usd_mxn,17.62,17.65,0.17
2024-07-17 02:34:38+00:00,usd_mxn,17.62,17.65,0.17
2024-07-17 02:34:39+00:00,usd_mxn,17.62,17.65,0.17
2024-07-17 02:34:40+00:00,usd_mxn,17.62,17.65,0.17
2024-07-17 02:34:41+00:00,usd_mxn,17.62,17.65,0.17
2024-07-17 02:34:42+00:00,usd_mxn,17.62,17.65,0.17
2024-07-17 02:34:43+00:00,usd_mxn,17.62,17.65,0.17
2024-07-17 02:34:44+00:00,usd_mxn,17.62,17.65,0.17
2024-07-17 02:34:45+00:00,usd_mxn,17.62,17.65,0.17
2024-07-17 02:34:46+00:00,usd_mxn,17.62,17.65,0.17
2024-07-17 02:34:48+00:00,usd_mxn,17.62,17.65,0.17
2024-07-17 02:34:49+00:00,usd_mxn,17.62,17.65,0.17
2024-07-17 02:34:49+00:00,usd_mxn,17.62,17.65,0.17
2024-07-17 02:34:51+00:00,usd_mxn,17.62,17.65,0.17
2024-07-17 02:34:52+00:00,usd_mxn,17.62,17.65,0.17
2024-07-17 02:34:53+00:00,usd_mxn,17.62,17.65,0.17
2024-07-17 02:34:54+00:00,usd_mxn,17.62,17.65,0.17
2024-07-17 02:34:55+00:00,usd_mxn,17.62,17.65,0.17
2024-07-17 02:34:56+00:00,usd_mxn,17.62,17.65,0.17
2024-07-17 02:34:57+00:00,usd_mxn,17.62,17.65,0.17
2024-07-17 02:34:58+00:00,usd_mxn,17.62,17.65,0.17
2024-07-17 02:34:59+00:00,usd_mxn,17.62,17.65,0.17
2024-07-17 02:35:00+00:00,usd_mxn,17.62,17.65,0.17
2024-07-17 02:35:01+00:00,usd_mxn,17.62,17.65,0.17
2024-07-17 02:35:02+00:00,usd_mxn,17.62,17.65,0.17
2024-07-17 02:35:03+00:00,usd_mxn,17.62,17.65,0.17
2024-07-17 02:35:04+00:00,usd_mxn,17.62,17.65,0.17
2024-07-17 02:35:05+00:00,usd_mxn,17.62,17.65,0.17
2024-07-17 02:35:06+00:00,usd_mxn,17.62,17.65,0.17
2024-07-17 02:35:07+00:00,usd_mxn,17.62,17.65,0.17
2024-07-17 02:35:08+00:00,usd_mxn,17.62,17.65,0.17
2024-07-17 02:35:09+00:00,usd_mxn,17.62,17.65,0.17
2024-07-17 02:35:10+00:00,usd_mxn,17.62,17.65,0.17
2024-07-17 02:35:11+00:00,usd_mxn,17.62,17.65,0.17
2024-07-17 02:35:12+00:00,usd_mxn,17.62,17.65,0.17
2024-07-17 02:35:13+00:00,usd_mxn,17.62,17.65,0.17
2024-07-17 02:35:14+00:00,usd_mxn,17.62,17.65,0.17
2024-07-17 02:35:15+00:00,usd_mxn,17.62,17.65,0.17
2024-07-17 02:35:16+00:00,usd_mxn,17.62,17.65,0.17
2024-07-17 02:35:17+00:00,usd_mxn,17.62,17.65,0.17
2024-07-17 02:35:18+00:00,usd_mxn,17.62,17.65,0.17
2024-07-17 02:35:20+00:00,usd_mxn,17.62,17.65,0.17
2024-07-17 02:35:20+00:00,usd_mxn,17.62,17.65,0.17
2024-07-17 02:35:21+00:00,usd_mxn,17.62,17.65,0.17
2024-07-17 02:35:22+00:00,usd_mxn,17.62,17.65,0.17
2024-07-17 02:35:23+00:00,usd_mxn,17.62,17.65,0.17
2024-07-17 02:35:24+00:00,usd_mxn,17.62,17.65,0.17
2024-07-17 02:35:25+00:00,usd_mxn,17.62,17.65,0.17
2024-07-17 02:35:26+00:00,usd_mxn,17.62,17.65,0.17
2024-07-17 02:35:27+00:00,usd_mxn,17.62,17.65,0.17
2024-07-17 02:35:28+00:00,usd_mxn,17.62,17.65,0.17
2024-07-17 02:35:29+00:00,usd_mxn,17.62,17.65,0.17
2024-07-17 02:35:30+00:00,usd_mxn,17.62,17.65,0.17
2024-07-17 02:35:31+00:00,usd_mxn,17.62,17.65,0.17
2024-07-17 02:35:32+00:00,usd_mxn,17.62,17.65,0.17
2024-07-17 02:35:33+00:00,usd_mxn,17.62,17.65,0.17
2024-07-17 02:35:34+00:00,usd_mxn,17.62,17.65,0.17
2024-07-17 02:35:35+00:00,usd_mxn,17.62,17.65,0.17
2024-07-17 02:35:36+00:00,usd_mxn,17.62,17.65,0.17
2024-07-17 02:35:37+00:00,usd_mxn,17.62,17.65,0.17
2024-07-17 02:35:38+00:00,usd_mxn,17.62,17.65,0.17
2024-07-17 02:35:39+00:00,usd_mxn,17.62,17.65,0.17
2024-07-17 02:35:40+00:00,usd_mxn,17.62,17.65,0.17
2024-07-17 02:35:41+00:00,usd_mxn,17.62,17.65,0.17
2024-07-17 02:35:42+00:00,usd_mxn,17.62,17.65,0.17
2024-07-17 02:35:43+00:00,usd_mxn,17.62,17.65,0.17
2024-07-17 02:35:44+00:00,usd_mxn,17.62,17.65,0.17
2024-07-17 02:35:45+00:00,usd_mxn,17.62,17.65,0.17
2024-07-17 02:35:46+00:00,usd_mxn,17.62,17.65,0.17
2024-07-17 02:35:48+00:00,usd_mxn,17.62,17.65,0.17
2024-07-17 02:35:48+00:00,usd_mxn,17.62,17.65,0.17
2024-07-17 02:35:50+00:00,usd_mxn,17.62,17.65,0.17
2024-07-17 02:35:51+00:00,usd_mxn,17.62,17.65,0.17
2024-07-17 02:35:52+00:00,usd_mxn,17.62,17.65,0.17
2024-07-17 02:35:53+00:00,usd_mxn,17.62,17.65,0.17
2024-07-17 02:35:54+00:00,usd_mxn,17.62,17.65,0.17
2024-07-17 02:35:55+00:00,usd_mxn,17.62,17.65,0.17
2024-07-17 02:35:56+00:00,usd_mxn,17.62,17.65,0.17
2024-07-17 02:35:57+00:00,usd_mxn,17.62,17.65,0.17
2024-07-17 02:35:58+00:00,usd_mxn,17.62,17.65,0.17
2024-07-17 02:35:59+00:00,usd_mxn,17.62,17.65,0.17
2024-07-17 02:36:00+00:00,usd_mxn,17.62,17.65,0.17
2024-07-17 02:36:01+00:00,usd_mxn,17.62,17.65,0.17
2024-07-17 02:36:02+00:00,usd_mxn,17.62,17.65,0.17
2024-07-17 02:36:03+00:00,usd_mxn,17.62,17.65,0.17
2024-07-17 02:36:04+00:00,usd_mxn,17.62,17.65,0.17
2024-07-17 02:36:05+00:00,usd_mxn,17.62,17.65,0.17
2024-07-17 02:36:06+00:00,usd_mxn,17.62,17.65,0.17
2024-07-17 02:36:07+00:00,usd_mxn,17.62,17.65,0.17
2024-07-17 02:36:08+00:00,usd_mxn,17.62,17.65,0.17
2024-07-17 02:36:09+00:00,usd_mxn,17.62,17.65,0.17
2024-07-17 02:36:10+00:00,usd_mxn,17.62,17.65,0.17
2024-07-17 02:36:11+00:00,usd_mxn,17.62,17.65,0.17
2024-07-17 02:36:12+00:00,usd_mxn,17.62,17.65,0.17
2024-07-17 02:36:13+00:00,usd_mxn,17.62,17.65,0.17
2024-07-17 02:36:14+00:00,usd_mxn,17.62,17.65,0.17
2024-07-17 02:36:15+00:00,usd_mxn,17.62,17.65,0.17
2024-07-17 02:36:16+00:00,usd_mxn,17.62,17.65,0.17
2024-07-17 02:36:17+00:00,usd_mxn,17.62,17.65,0.17
2024-07-17 02:36:18+00:00,usd_mxn,17.62,17.65,0.17
2024-07-17 02:36:19+00:00,usd_mxn,17.62,17.65,0.17
2024-07-17 02:36:20+00:00,usd_mxn,17.62,17.65,0.17
2024-07-17 02:36:21+00:00,usd_mxn,17.62,17.65,0.17
2024-07-17 02:36:22+00:00,usd_mxn,17.62,17.65,0.17
2024-07-17 02:36:23+00:00,usd_mxn,17.62,17.65,0.17
2024-07-17 02:36:24+00:00,usd_mxn,17.62,17.65,0.17
2024-07-17 02:36:25+00:00,usd_mxn,17.62,17.65,0.17
2024-07-17 02:36:26+00:00,usd_mxn,17.62,17.65,0.17
2024-07-17 02:36:27+00:00,usd_mxn,17.62,17.65,0.17
2024-07-17 02:36:28+00:00,usd_mxn,17.62,17.65,0.17
2024-07-17 02:36:29+00:00,usd_mxn,17.62,17.65,0.17
2024-07-17 02:36:30+00:00,usd_mxn,17.62,17.65,0.17
2024-07-17 02:36:31+00:00,usd_mxn,17.62,17.65,0.17
2024-07-17 02:36:32+00:00,usd_mxn,17.62,17.65,0.17
2024-07-17 02:36:33+00:00,usd_mxn,17.62,17.65,0.17
2024-07-17 02:36:34+00:00,usd_mxn,17.62,17.65,0.17
2024-07-17 02:36:36+00:00,usd_mxn,17.62,17.65,0.17
2024-07-17 02:36:36+00:00,usd_mxn,17.63,17.65,0.113
2024-07-17 02:36:37+00:00,usd_mxn,17.63,17.65,0.113
2024-07-17 02:36:38+00:00,usd_mxn,17.63,17.65,0.113
2024-07-17 02:36:39+00:00,usd_mxn,17.63,17.65,0.113
2024-07-17 02:36:40+00:00,usd_mxn,17.63,17.65,0.113
2024-07-17 02:36:42+00:00,usd_mxn,17.63,17.65,0.113
2024-07-17 02:36:43+00:00,usd_mxn,17.63,17.65,0.113
2024-07-17 02:36:44+00:00,usd_mxn,17.63,17.65,0.113
2024-07-17 02:36:45+00:00,usd_mxn,17.63,17.65,0.113
2024-07-17 02:36:46+00:00,usd_mxn,17.63,17.65,0.113
2024-07-17 02:36:47+00:00,usd_mxn,17.63,17.65,0.113
2024-07-17 02:36:48+00:00,usd_mxn,17.63,17.65,0.113
2024-07-17 02:36:49+00:00,usd_mxn,17.63,17.65,0.113
2024-07-17 02:36:50+00:00,usd_mxn,17.63,17.65,0.113
2024-07-17 02:36:51+00:00,usd_mxn,17.63,17.65,0.113
2024-07-17 02:36:52+00:00,usd_mxn,17.63,17.65,0.113
2024-07-17 02:36:53+00:00,usd_mxn,17.63,17.65,0.113
2024-07-17 02:36:54+00:00,usd_mxn,17.63,17.65,0.113
2024-07-17 02:36:55+00:00,usd_mxn,17.63,17.65,0.113
2024-07-17 02:36:56+00:00,usd_mxn,17.63,17.65,0.113
2024-07-17 02:36:57+00:00,usd_mxn,17.63,17.65,0.113
2024-07-17 02:36:58+00:00,usd_mxn,17.63,17.65,0.113
2024-07-17 02:36:59+00:00,usd_mxn,17.63,17.65,0.113
2024-07-17 02:37:00+00:00,usd_mxn,17.63,17.65,0.113
2024-07-17 02:37:01+00:00,usd_mxn,17.63,17.65,0.113
2024-07-17 02:37:02+00:00,usd_mxn,17.63,17.65,0.113
2024-07-17 02:37:03+00:00,usd_mxn,17.63,17.65,0.113
2024-07-17 02:37:04+00:00,usd_mxn,17.63,17.65,0.113
2024-07-17 02:37:05+00:00,usd_mxn,17.63,17.65,0.113
2024-07-17 02:37:06+00:00,usd_mxn,17.63,17.65,0.113
2024-07-17 02:37:07+00:00,usd_mxn,17.63,17.65,0.113
2024-07-17 02:37:08+00:00,usd_mxn,17.63,17.65,0.113
2024-07-17 02:37:09+00:00,usd_mxn,17.63,17.65,0.113
2024-07-17 02:37:10+00:00,usd_mxn,17.63,17.65,0.113
2024-07-17 02:37:11+00:00,usd_mxn,17.63,17.65,0.113
2024-07-17 02:37:12+00:00,usd_mxn,17.63,17.65,0.113
2024-07-17 02:37:13+00:00,usd_mxn,17.63,17.65,0.113
2024-07-17 02:37:14+00:00,usd_mxn,17.63,17.65,0.113
2024-07-17 02:37:15+00:00,usd_mxn,17.63,17.65,0.113
2024-07-17 02:37:16+00:00,usd_mxn,17.63,17.65,0.113
2024-07-17 02:37:17+00:00,usd_mxn,17.63,17.65,0.113
2024-07-17 02:37:18+00:00,usd_mxn,17.63,17.65,0.113
2024-07-17 02:37:19+00:00,usd_mxn,17.63,17.65,0.113
2024-07-17 02:37:20+00:00,usd_mxn,17.63,17.65,0.113
2024-07-17 02:37:21+00:00,usd_mxn,17.63,17.65,0.113
2024-07-17 02:37:22+00:00,usd_mxn,17.63,17.65,0.113
2024-07-17 02:37:23+00:00,usd_mxn,17.63,17.65,0.113
2024-07-17 02:37:24+00:00,usd_mxn,17.63,17.65,0.113
2024-07-17 02:37:25+00:00,usd_mxn,17.63,17.65,0.113
2024-07-17 02:37:26+00:00,usd_mxn,17.63,17.65,0.113
2024-07-17 02:37:27+00:00,usd_mxn,17.63,17.65,0.113
2024-07-17 02:37:28+00:00,usd_mxn,17.63,17.65,0.113
2024-07-17 02:37:29+00:00,usd_mxn,17.63,17.65,0.113
2024-07-17 02:37:30+00:00,usd_mxn,17.63,17.65,0.113
2024-07-17 02:37:31+00:00,usd_mxn,17.63,17.65,0.113
2024-07-17 02:37:32+00:00,usd_mxn,17.63,17.65,0.113
2024-07-17 02:37:33+00:00,usd_mxn,17.63,17.65,0.113
2024-07-17 02:37:34+00:00,usd_mxn,17.63,17.65,0.113
2024-07-17 02:37:35+00:00,usd_mxn,17.63,17.65,0.113
2024-07-17 02:37:36+00:00,usd_mxn,17.63,17.65,0.113
2024-07-17 02:37:37+00:00,usd_mxn,17.63,17.65,0.113
2024-07-17 02:37:38+00:00,usd_mxn,17.63,17.65,0.113
2024-07-17 02:37:39+00:00,usd_mxn,17.63,17.65,0.113
2024-07-17 02:37:40+00:00,usd_mxn,17.63,17.65,0.113
2024-07-17 02:37:41+00:00,usd_mxn,17.63,17.65,0.113
2024-07-17 02:37:42+00:00,usd_mxn,17.63,17.65,0.113
2024-07-17 02:37:43+00:00,usd_mxn,17.63,17.65,0.113
2024-07-17 02:37:45+00:00,usd_mxn,17.63,17.65,0.113
2024-07-17 02:37:45+00:00,usd_mxn,17.63,17.65,0.113
2024-07-17 02:37:47+00:00,usd_mxn,17.63,17.65,0.113
2024-07-17 02:37:47+00:00,usd_mxn,17.63,17.65,0.113
2024-07-17 02:37:49+00:00,usd_mxn,17.63,17.65,0.113
2024-07-17 02:37:50+00:00,usd_mxn,17.63,17.65,0.113
2024-07-17 02:37:51+00:00,usd_mxn,17.63,17.65,0.113
2024-07-17 02:37:52+00:00,usd_mxn,17.63,17.65,0.113
2024-07-17 02:37:53+00:00,usd_mxn,17.63,17.65,0.113
2024-07-17 02:37:54+00:00,usd_mxn,17.63,17.65,0.113
2024-07-17 02:37:55+00:00,usd_mxn,17.63,17.65,0.113
2024-07-17 02:37:56+00:00,usd_mxn,17.63,17.65,0.113
2024-07-17 02:37:57+00:00,usd_mxn,17.63,17.65,0.113
2024-07-17 02:37:58+00:00,usd_mxn,17.63,17.65,0.113
2024-07-17 02:37:59+00:00,usd_mxn,17.63,17.65,0.113
2024-07-17 02:38:00+00:00,usd_mxn,17.63,17.65,0.113
2024-07-17 02:38:01+00:00,usd_mxn,17.63,17.65,0.113
2024-07-17 02:38:02+00:00,usd_mxn,17.63,17.65,0.113
2024-07-17 02:38:03+00:00,usd_mxn,17.63,17.65,0.113
2024-07-17 02:38:04+00:00,usd_mxn,17.63,17.65,0.113
2024-07-17 02:38:05+00:00,usd_mxn,17.63,17.65,0.113
2024-07-17 02:38:06+00:00,usd_mxn,17.63,17.65,0.113
2024-07-17 02:38:07+00:00,usd_mxn,17.63,17.65,0.113
2024-07-17 02:38:08+00:00,usd_mxn,17.63,17.65,0.113
2024-07-17 02:38:09+00:00,usd_mxn,17.63,17.65,0.113
2024-07-17 02:38:10+00:00,usd_mxn,17.63,17.65,0.113
2024-07-17 02:38:11+00:00,usd_mxn,17.63,17.65,0.113
2024-07-17 02:38:12+00:00,usd_mxn,17.63,17.65,0.113
2024-07-17 02:38:13+00:00,usd_mxn,17.63,17.65,0.113
2024-07-17 02:38:14+00:00,usd_mxn,17.63,17.65,0.113
2024-07-17 02:38:15+00:00,usd_mxn,17.63,17.65,0.113
2024-07-17 02:38:16+00:00,usd_mxn,17.63,17.65,0.113
2024-07-17 02:38:17+00:00,usd_mxn,17.63,17.65,0.113
2024-07-17 02:38:18+00:00,usd_mxn,17.63,17.65,0.113
2024-07-17 02:38:19+00:00,usd_mxn,17.63,17.65,0.113
2024-07-17 02:38:20+00:00,usd_mxn,17.63,17.65,0.113
2024-07-17 02:38:21+00:00,usd_mxn,17.63,17.65,0.113
2024-07-17 02:38:22+00:00,usd_mxn,17.63,17.65,0.113
2024-07-17 02:38:23+00:00,usd_mxn,17.63,17.65,0.113
2024-07-17 02:38:24+00:00,usd_mxn,17.63,17.65,0.113
2024-07-17 02:38:25+00:00,usd_mxn,17.63,17.65,0.113
2024-07-17 02:38:26+00:00,usd_mxn,17.63,17.65,0.113
2024-07-17 02:38:27+00:00,usd_mxn,17.63,17.65,0.113
2024-07-17 02:38:28+00:00,usd_mxn,17.63,17.65,0.113
2024-07-17 02:38:29+00:00,usd_mxn,17.63,17.65,0.113
2024-07-17 02:38:30+00:00,usd_mxn,17.63,17.65,0.113
2024-07-17 02:38:31+00:00,usd_mxn,17.63,17.65,0.113
2024-07-17 02:38:33+00:00,usd_mxn,17.63,17.65,0.113
2024-07-17 02:38:34+00:00,usd_mxn,17.63,17.65,0.113
2024-07-17 02:38:35+00:00,usd_mxn,17.63,17.65,0.113
2024-07-17 02:38:36+00:00,usd_mxn,17.63,17.65,0.113
2024-07-17 02:38:37+00:00,usd_mxn,17.63,17.65,0.113
2024-07-17 02:38:38+00:00,usd_mxn,17.63,17.65,0.113
2024-07-17 02:38:39+00:00,usd_mxn,17.63,17.65,0.113
2024-07-17 02:38:40+00:00,usd_mxn,17.63,17.65,0.113
2024-07-17 02:38:41+00:00,usd_mxn,17.63,17.65,0.113
2024-07-17 02:38:42+00:00,usd_mxn,17.63,17.65,0.113
2024-07-17 02:38:43+00:00,usd_mxn,17.63,17.65,0.113
2024-07-17 02:38:44+00:00,usd_mxn,17.63,17.65,0.113
2024-07-17 02:38:45+00:00,usd_mxn,17.63,17.65,0.113
2024-07-17 02:38:46+00:00,usd_mxn,17.63,17.65,0.113
2024-07-17 02:38:47+00:00,usd_mxn,17.63,17.65,0.113
2024-07-17 02:38:48+00:00,usd_mxn,17.63,17.65,0.113
2024-07-17 02:38:49+00:00,usd_mxn,17.63,17.65,0.113
2024-07-17 02:38:50+00:00,usd_mxn,17.63,17.65,0.113
2024-07-17 02:38:51+00:00,usd_mxn,17.63,17.65,0.113
2024-07-17 02:38:52+00:00,usd_mxn,17.63,17.65,0.113
2024-07-17 02:38:53+00:00,usd_mxn,17.63,17.65,0.113
2024-07-17 02:38:54+00:00,usd_mxn,17.63,17.65,0.113
2024-07-17 02:38:55+00:00,usd_mxn,17.63,17.65,0.113
2024-07-17 02:38:56+00:00,usd_mxn,17.63,17.65,0.113
2024-07-17 02:38:58+00:00,usd_mxn,17.63,17.65,0.113
2024-07-17 02:38:59+00:00,usd_mxn,17.63,17.65,0.113
2024-07-17 02:39:00+00:00,usd_mxn,17.63,17.65,0.113
2024-07-17 02:39:01+00:00,usd_mxn,17.63,17.65,0.113
2024-07-17 02:39:02+00:00,usd_mxn,17.63,17.65,0.113
2024-07-17 02:39:03+00:00,usd_mxn,17.63,17.65,0.113
2024-07-17 02:39:04+00:00,usd_mxn,17.63,17.65,0.113
2024-07-17 02:39:05+00:00,usd_mxn,17.63,17.65,0.113
2024-07-17 02:39:06+00:00,usd_mxn,17.63,17.65,0.113
2024-07-17 02:39:07+00:00,usd_mxn,17.63,17.65,0.113
2024-07-17 02:39:08+00:00,usd_mxn,17.63,17.65,0.113
2024-07-17 02:39:09+00:00,usd_mxn,17.63,17.65,0.113
2024-07-17 02:39:10+00:00,usd_mxn,17.63,17.65,0.113
2024-07-17 02:39:11+00:00,usd_mxn,17.63,17.65,0.113
2024-07-17 02:39:12+00:00,usd_mxn,17.63,17.65,0.113
2024-07-17 02:39:13+00:00,usd_mxn,17.63,17.65,0.113
2024-07-17 02:39:14+00:00,usd_mxn,17.63,17.65,0.113
2024-07-17 02:39:15+00:00,usd_mxn,17.63,17.65,0.113
2024-07-17 02:39:16+00:00,usd_mxn,17.63,17.64,0.057
2024-07-17 02:39:17+00:00,usd_mxn,17.63,17.64,0.057
2024-07-17 02:39:18+00:00,usd_mxn,17.63,17.64,0.057
2024-07-17 02:39:19+00:00,usd_mxn,17.63,17.64,0.057
2024-07-17 02:39:20+00:00,usd_mxn,17.63,17.64,0.057
2024-07-17 02:39:21+00:00,usd_mxn,17.63,17.64,0.057
2024-07-17 02:39:22+00:00,usd_mxn,17.63,17.64,0.057
2024-07-17 02:39:23+00:00,usd_mxn,17.63,17.64,0.057
2024-07-17 02:39:24+00:00,usd_mxn,17.63,17.64,0.057
2024-07-17 02:39:25+00:00,usd_mxn,17.63,17.64,0.057
2024-07-17 02:39:26+00:00,usd_mxn,17.63,17.64,0.057
2024-07-17 02:39:27+00:00,usd_mxn,17.63,17.64,0.057
2024-07-17 02:39:28+00:00,usd_mxn,17.63,17.64,0.057
2024-07-17 02:39:29+00:00,usd_mxn,17.63,17.64,0.057
2024-07-17 02:39:30+00:00,usd_mxn,17.63,17.64,0.057
2024-07-17 02:39:31+00:00,usd_mxn,17.63,17.64,0.057
2024-07-17 02:39:32+00:00,usd_mxn,17.63,17.64,0.057
2024-07-17 02:39:33+00:00,usd_mxn,17.63,17.64,0.057
2024-07-17 02:39:34+00:00,usd_mxn,17.63,17.64,0.057
2024-07-17 02:39:35+00:00,usd_mxn,17.63,17.64,0.057
2024-07-17 02:39:36+00:00,usd_mxn,17.63,17.64,0.057
2024-07-17 02:39:37+00:00,usd_mxn,17.63,17.64,0.057
2024-07-17 02:39:38+00:00,usd_mxn,17.63,17.64,0.057
2024-07-17 02:39:39+00:00,usd_mxn,17.63,17.64,0.057
2024-07-17 02:39:40+00:00,usd_mxn,17.63,17.64,0.057
2024-07-17 02:39:41+00:00,usd_mxn,17.63,17.64,0.057
2024-07-17 02:39:42+00:00,usd_mxn,17.63,17.64,0.057
2024-07-17 02:39:43+00:00,usd_mxn,17.63,17.64,0.057
2024-07-17 02:39:44+00:00,usd_mxn,17.63,17.64,0.057
2024-07-17 02:39:45+00:00,usd_mxn,17.63,17.64,0.057
2024-07-17 02:39:46+00:00,usd_mxn,17.63,17.64,0.057
2024-07-17 02:39:47+00:00,usd_mxn,17.63,17.64,0.057
2024-07-17 02:39:48+00:00,usd_mxn,17.63,17.64,0.057
2024-07-17 02:39:49+00:00,usd_mxn,17.63,17.64,0.057
2024-07-17 02:39:50+00:00,usd_mxn,17.63,17.64,0.057
2024-07-17 02:39:51+00:00,usd_mxn,17.63,17.64,0.057
2024-07-17 02:39:52+00:00,usd_mxn,17.63,17.64,0.057
2024-07-17 02:39:53+00:00,usd_mxn,17.63,17.64,0.057
2024-07-17 02:39:54+00:00,usd_mxn,17.63,17.64,0.057
2024-07-17 02:39:55+00:00,usd_mxn,17.63,17.64,0.057
2024-07-17 02:39:56+00:00,usd_mxn,17.63,17.64,0.057
2024-07-17 02:39:57+00:00,usd_mxn,17.63,17.64,0.057
2024-07-17 02:39:58+00:00,usd_mxn,17.63,17.64,0.057
2024-07-17 02:39:59+00:00,usd_mxn,17.63,17.64,0.057
2024-07-17 02:40:00+00:00,usd_mxn,17.63,17.64,0.057
2024-07-17 02:40:01+00:00,usd_mxn,17.63,17.64,0.057
2024-07-17 02:40:02+00:00,usd_mxn,17.63,17.64,0.057
2024-07-17 02:40:03+00:00,usd_mxn,17.63,17.64,0.057
2024-07-17 02:40:05+00:00,usd_mxn,17.63,17.64,0.057
2024-07-17 02:40:05+00:00,usd_mxn,17.63,17.64,0.057
2024-07-17 02:40:06+00:00,usd_mxn,17.63,17.64,0.057
2024-07-17 02:40:07+00:00,usd_mxn,17.63,17.64,0.057
2024-07-17 02:40:09+00:00,usd_mxn,17.63,17.64,0.057
2024-07-17 02:40:10+00:00,usd_mxn,17.63,17.64,0.057
2024-07-17 02:40:10+00:00,usd_mxn,17.63,17.64,0.057
2024-07-17 02:40:12+00:00,usd_mxn,17.63,17.64,0.057
2024-07-17 02:40:13+00:00,usd_mxn,17.63,17.64,0.057
2024-07-17 02:40:14+00:00,usd_mxn,17.63,17.64,0.057
2024-07-17 02:40:15+00:00,usd_mxn,17.63,17.64,0.057
2024-07-17 02:40:16+00:00,usd_mxn,17.63,17.64,0.057
2024-07-17 02:40:17+00:00,usd_mxn,17.63,17.64,0.057
2024-07-17 02:40:18+00:00,usd_mxn,17.63,17.64,0.057
2024-07-17 02:40:19+00:00,usd_mxn,17.63,17.64,0.057
2024-07-17 02:40:20+00:00,usd_mxn,17.63,17.64,0.057
2024-07-17 02:40:21+00:00,usd_mxn,17.63,17.64,0.057
2024-07-17 02:40:22+00:00,usd_mxn,17.63,17.64,0.057
2024-07-17 02:40:23+00:00,usd_mxn,17.63,17.64,0.057
2024-07-17 02:40:24+00:00,usd_mxn,17.63,17.64,0.057
2024-07-17 02:40:25+00:00,usd_mxn,17.63,17.64,0.057
2024-07-17 02:40:26+00:00,usd_mxn,17.63,17.64,0.057
2024-07-17 02:40:27+00:00,usd_mxn,17.63,17.64,0.057
2024-07-17 02:40:28+00:00,usd_mxn,17.63,17.64,0.057
2024-07-17 02:40:29+00:00,usd_mxn,17.63,17.64,0.057
2024-07-17 02:40:30+00:00,usd_mxn,17.63,17.64,0.057
2024-07-17 02:40:31+00:00,usd_mxn,17.63,17.64,0.057
2024-07-17 02:40:32+00:00,usd_mxn,17.63,17.64,0.057
2024-07-17 02:40:33+00:00,usd_mxn,17.63,17.64,0.057
2024-07-17 02:40:34+00:00,usd_mxn,17.63,17.64,0.057
2024-07-17 02:40:35+00:00,usd_mxn,17.63,17.64,0.057
2024-07-17 02:40:36+00:00,usd_mxn,17.63,17.64,0.057
2024-07-17 02:40:37+00:00,usd_mxn,17.63,17.64,0.057
2024-07-17 02:40:38+00:00,usd_mxn,17.63,17.64,0.057
2024-07-17 02:40:39+00:00,usd_mxn,17.63,17.64,0.057
2024-07-17 02:40:40+00:00,usd_mxn,17.63,17.64,0.057
2024-07-17 02:40:41+00:00,usd_mxn,17.63,17.64,0.057
2024-07-17 02:40:42+00:00,usd_mxn,17.63,17.64,0.057
2024-07-17 02:40:43+00:00,usd_mxn,17.63,17.64,0.057
