orderbook_timestamp,book,bid,ask,spread
2024-07-18 02:59:16+00:00,btc_mxn,1147309.98,1147310.02,0.0
2024-07-18 02:59:18+00:00,btc_mxn,1147309.98,1147310.02,0.0
2024-07-18 02:59:18+00:00,btc_mxn,1147309.98,1147310.02,0.0
2024-07-18 02:59:19+00:00,btc_mxn,1147309.98,1147310.02,0.0
2024-07-18 02:59:20+00:00,btc_mxn,1147309.98,1147310.02,0.0
2024-07-18 02:59:22+00:00,btc_mxn,1147309.98,1147310.02,0.0
2024-07-18 02:59:22+00:00,btc_mxn,1147309.98,1147310.02,0.0
2024-07-18 02:59:23+00:00,btc_mxn,1147309.98,1147310.02,0.0
2024-07-18 02:59:25+00:00,btc_mxn,1147309.98,1147310.02,0.0
2024-07-18 02:59:26+00:00,btc_mxn,1147309.98,1147310.02,0.0
2024-07-18 02:59:27+00:00,btc_mxn,1147309.98,1147310.02,0.0
2024-07-18 02:59:28+00:00,btc_mxn,1147309.98,1147310.02,0.0
2024-07-18 02:59:28+00:00,btc_mxn,1147309.98,1147310.02,0.0
2024-07-18 02:59:30+00:00,btc_mxn,1147309.98,1147310.02,0.0
2024-07-18 02:59:31+00:00,btc_mxn,1147309.98,1147310.02,0.0
2024-07-18 02:59:32+00:00,btc_mxn,1147309.98,1147310.02,0.0
2024-07-18 02:59:33+00:00,btc_mxn,1147309.98,1147310.02,0.0
2024-07-18 02:59:34+00:00,btc_mxn,1147309.98,1147310.02,0.0
2024-07-18 02:59:35+00:00,btc_mxn,1147309.98,1147310.02,0.0
2024-07-18 02:59:36+00:00,btc_mxn,1147309.98,1147310.02,0.0
2024-07-18 02:59:37+00:00,btc_mxn,1147309.98,1147310.02,0.0
2024-07-18 02:59:38+00:00,btc_mxn,1147309.98,1147310.02,0.0
2024-07-18 02:59:39+00:00,btc_mxn,1147309.98,1147310.02,0.0
2024-07-18 02:59:40+00:00,btc_mxn,1147309.98,1147310.02,0.0
2024-07-18 02:59:41+00:00,btc_mxn,1147309.98,1147310.02,0.0
2024-07-18 02:59:42+00:00,btc_mxn,1147309.98,1147310.02,0.0
2024-07-18 02:59:43+00:00,btc_mxn,1147309.98,1147310.02,0.0
2024-07-18 02:59:44+00:00,btc_mxn,1147309.98,1147310.02,0.0
2024-07-18 02:59:45+00:00,btc_mxn,1147309.98,1147310.02,0.0
2024-07-18 02:59:46+00:00,btc_mxn,1147309.98,1147310.02,0.0
2024-07-18 02:59:48+00:00,btc_mxn,1147309.98,1147310.02,0.0
2024-07-18 02:59:48+00:00,btc_mxn,1147309.98,1147310.02,0.0
2024-07-18 02:59:49+00:00,btc_mxn,1147309.98,1147310.02,0.0
2024-07-18 02:59:50+00:00,btc_mxn,1147309.98,1147310.02,0.0
2024-07-18 02:59:51+00:00,btc_mxn,1147309.98,1147310.02,0.0
2024-07-18 02:59:52+00:00,btc_mxn,1147309.98,1147310.02,0.0
2024-07-18 02:59:53+00:00,btc_mxn,1147309.98,1147310.02,0.0
2024-07-18 02:59:54+00:00,btc_mxn,1147309.98,1147310.02,0.0
2024-07-18 02:59:55+00:00,btc_mxn,1147309.98,1147310.02,0.0
2024-07-18 02:59:56+00:00,btc_mxn,1147309.98,1147310.02,0.0
2024-07-18 02:59:57+00:00,btc_mxn,1147309.98,1147310.02,0.0
2024-07-18 02:59:58+00:00,btc_mxn,1147309.98,1147310.02,0.0
2024-07-18 02:59:59+00:00,btc_mxn,1147309.98,1147310.02,0.0
2024-07-18 03:00:00+00:00,btc_mxn,1147309.98,1147310.02,0.0
2024-07-18 03:00:01+00:00,btc_mxn,1147309.98,1147310.02,0.0
2024-07-18 03:00:02+00:00,btc_mxn,1147309.98,1147310.02,0.0
2024-07-18 03:00:03+00:00,btc_mxn,1147309.98,1147310.02,0.0
2024-07-18 03:00:04+00:00,btc_mxn,1147309.98,1147310.02,0.0
2024-07-18 03:00:05+00:00,btc_mxn,1147309.98,1147310.02,0.0
2024-07-18 03:00:06+00:00,btc_mxn,1147309.98,1147310.02,0.0
2024-07-18 03:00:07+00:00,btc_mxn,1147309.98,1147310.02,0.0
2024-07-18 03:00:08+00:00,btc_mxn,1147309.98,1147310.02,0.0
2024-07-18 03:00:09+00:00,btc_mxn,1147309.98,1147310.02,0.0
2024-07-18 03:00:10+00:00,btc_mxn,1147309.98,1147310.02,0.0
2024-07-18 03:00:11+00:00,btc_mxn,1147309.98,1147310.02,0.0
2024-07-18 03:00:12+00:00,btc_mxn,1147309.98,1147310.02,0.0
2024-07-18 03:00:13+00:00,btc_mxn,1147309.98,1147310.02,0.0
2024-07-18 03:00:14+00:00,btc_mxn,1147309.98,1147310.02,0.0
2024-07-18 03:00:15+00:00,btc_mxn,1147309.98,1147310.02,0.0
2024-07-18 03:00:17+00:00,btc_mxn,1147309.98,1147310.02,0.0
2024-07-18 03:00:17+00:00,btc_mxn,1147309.98,1147310.02,0.0
2024-07-18 03:00:18+00:00,btc_mxn,1147309.98,1147310.02,0.0
2024-07-18 03:00:19+00:00,btc_mxn,1147309.98,1147310.02,0.0
2024-07-18 03:00:20+00:00,btc_mxn,1147309.98,1147310.02,0.0
2024-07-18 03:00:21+00:00,btc_mxn,1147309.98,1147310.02,0.0
2024-07-18 03:00:22+00:00,btc_mxn,1147309.98,1147310.02,0.0
2024-07-18 03:00:23+00:00,btc_mxn,1147309.98,1147310.02,0.0
2024-07-18 03:00:24+00:00,btc_mxn,1147309.98,1147310.02,0.0
2024-07-18 03:00:25+00:00,btc_mxn,1147309.98,1147310.02,0.0
2024-07-18 03:00:26+00:00,btc_mxn,1147309.98,1147310.02,0.0
2024-07-18 03:00:27+00:00,btc_mxn,1147309.98,1147310.02,0.0
2024-07-18 03:00:28+00:00,btc_mxn,1147309.98,1147310.02,0.0
2024-07-18 03:00:29+00:00,btc_mxn,1147309.98,1147310.02,0.0
2024-07-18 03:00:31+00:00,btc_mxn,1147309.98,1147310.02,0.0
2024-07-18 03:00:31+00:00,btc_mxn,1147309.98,1147310.02,0.0
2024-07-18 03:00:32+00:00,btc_mxn,1147309.98,1147310.02,0.0
2024-07-18 03:00:33+00:00,btc_mxn,1147309.98,1147310.02,0.0
2024-07-18 03:00:35+00:00,btc_mxn,1147309.98,1147310.02,0.0
2024-07-18 03:00:36+00:00,btc_mxn,1147309.98,1147310.02,0.0
2024-07-18 03:00:36+00:00,btc_mxn,1147309.98,1147310.02,0.0
2024-07-18 03:00:38+00:00,btc_mxn,1147309.98,1147310.02,0.0
2024-07-18 03:00:39+00:00,btc_mxn,1147309.98,1147310.02,0.0
2024-07-18 03:00:39+00:00,btc_mxn,1147309.98,1147310.02,0.0
2024-07-18 03:00:41+00:00,btc_mxn,1147309.98,1147310.02,0.0
2024-07-18 03:00:42+00:00,btc_mxn,1147309.98,1147310.02,0.0
2024-07-18 03:00:43+00:00,btc_mxn,1147309.98,1147310.02,0.0
2024-07-18 03:00:44+00:00,btc_mxn,1145109.98,1145110.02,0.0
2024-07-18 03:00:45+00:00,btc_mxn,1145109.98,1145110.02,0.0
2024-07-18 03:00:46+00:00,btc_mxn,1145109.98,1145110.02,0.0
2024-07-18 03:00:47+00:00,btc_mxn,1145109.98,1145110.02,0.0
2024-07-18 03:00:48+00:00,btc_mxn,1145109.98,1145110.02,0.0
2024-07-18 03:00:49+00:00,btc_mxn,1145109.98,1145110.02,0.0
2024-07-18 03:00:50+00:00,btc_mxn,1145109.98,1145110.02,0.0
2024-07-18 03:00:51+00:00,btc_mxn,1145109.98,1145110.02,0.0
2024-07-18 03:00:52+00:00,btc_mxn,1145109.98,1145110.02,0.0
2024-07-18 03:00:53+00:00,btc_mxn,1145109.98,1145110.02,0.0
2024-07-18 03:00:54+00:00,btc_mxn,1145109.98,1145110.02,0.0
2024-07-18 03:00:55+00:00,btc_mxn,1145109.98,1145110.02,0.0
2024-07-18 03:00:56+00:00,btc_mxn,1145109.98,1145110.02,0.0
2024-07-18 03:00:57+00:00,btc_mxn,1145109.98,1145110.02,0.0
2024-07-18 03:00:58+00:00,btc_mxn,1145109.98,1145110.02,0.0
2024-07-18 03:00:59+00:00,btc_mxn,1145109.98,1145110.02,0.0
2024-07-18 03:01:00+00:00,btc_mxn,1145109.98,1145110.02,0.0
2024-07-18 03:01:01+00:00,btc_mxn,1145109.98,1145110.02,0.0
2024-07-18 03:01:02+00:00,btc_mxn,1145109.98,1145110.02,0.0
2024-07-18 03:01:03+00:00,btc_mxn,1145109.98,1145110.02,0.0
2024-07-18 03:01:04+00:00,btc_mxn,1145109.98,1145110.02,0.0
2024-07-18 03:01:05+00:00,btc_mxn,1145109.98,1145110.02,0.0
2024-07-18 03:01:06+00:00,btc_mxn,1145109.98,1145110.02,0.0
2024-07-18 03:01:07+00:00,btc_mxn,1145109.98,1145110.02,0.0
2024-07-18 03:01:08+00:00,btc_mxn,1145109.98,1145110.02,0.0
2024-07-18 03:01:09+00:00,btc_mxn,1145109.98,1145110.02,0.0
2024-07-18 03:01:10+00:00,btc_mxn,1145109.98,1145110.02,0.0
2024-07-18 03:01:11+00:00,btc_mxn,1145109.98,1145110.02,0.0
2024-07-18 03:01:12+00:00,btc_mxn,1145109.98,1145110.02,0.0
2024-07-18 03:01:13+00:00,btc_mxn,1145109.98,1145110.02,0.0
2024-07-18 03:01:14+00:00,btc_mxn,1145109.98,1145110.02,0.0
2024-07-18 03:01:15+00:00,btc_mxn,1145109.98,1145110.02,0.0
2024-07-18 03:01:16+00:00,btc_mxn,1145109.98,1145110.02,0.0
2024-07-18 03:01:17+00:00,btc_mxn,1145109.98,1145110.02,0.0
2024-07-18 03:01:18+00:00,btc_mxn,1145109.98,1145110.02,0.0
2024-07-18 03:01:19+00:00,btc_mxn,1145109.98,1145110.02,0.0
2024-07-18 03:01:20+00:00,btc_mxn,1145109.98,1145110.02,0.0
2024-07-18 03:01:21+00:00,btc_mxn,1145109.98,1145110.02,0.0
2024-07-18 03:01:22+00:00,btc_mxn,1145109.98,1145110.02,0.0
2024-07-18 03:01:23+00:00,btc_mxn,1145109.98,1145110.02,0.0
2024-07-18 03:01:24+00:00,btc_mxn,1145109.98,1145110.02,0.0
2024-07-18 03:01:25+00:00,btc_mxn,1145109.98,1145110.02,0.0
2024-07-18 03:01:26+00:00,btc_mxn,1145109.98,1145110.02,0.0
2024-07-18 03:01:27+00:00,btc_mxn,1145109.98,1145110.02,0.0
2024-07-18 03:01:28+00:00,btc_mxn,1145109.98,1145110.02,0.0
2024-07-18 03:01:29+00:00,btc_mxn,1145109.98,1145110.02,0.0
2024-07-18 03:01:30+00:00,btc_mxn,1145109.98,1145110.02,0.0
2024-07-18 03:01:31+00:00,btc_mxn,1145109.98,1145110.02,0.0
2024-07-18 03:01:32+00:00,btc_mxn,1145109.98,1145110.02,0.0
2024-07-18 03:01:33+00:00,btc_mxn,1145109.98,1145110.02,0.0
2024-07-18 03:01:34+00:00,btc_mxn,1145109.98,1145110.02,0.0
2024-07-18 03:01:35+00:00,btc_mxn,1145109.98,1145110.02,0.0
2024-07-18 03:01:36+00:00,btc_mxn,1145109.98,1145110.02,0.0
2024-07-18 03:01:37+00:00,btc_mxn,1145109.98,1145110.02,0.0
2024-07-18 03:01:38+00:00,btc_mxn,1145109.98,1145110.02,0.0
2024-07-18 03:01:40+00:00,btc_mxn,1145109.98,1145110.02,0.0
2024-07-18 03:01:41+00:00,btc_mxn,1145109.98,1145110.02,0.0
2024-07-18 03:01:42+00:00,btc_mxn,1145109.98,1145110.02,0.0
2024-07-18 03:01:43+00:00,btc_mxn,1145109.98,1145110.02,0.0
2024-07-18 03:01:44+00:00,btc_mxn,1145109.98,1145110.02,0.0
2024-07-18 03:01:45+00:00,btc_mxn,1145109.98,1145110.02,0.0
2024-07-18 03:01:46+00:00,btc_mxn,1145109.98,1145110.02,0.0
2024-07-18 03:01:47+00:00,btc_mxn,1145109.98,1145110.02,0.0
2024-07-18 03:01:48+00:00,btc_mxn,1145109.98,1145110.02,0.0
2024-07-18 03:01:49+00:00,btc_mxn,1145109.98,1145110.02,0.0
2024-07-18 03:01:50+00:00,btc_mxn,1145109.98,1145110.02,0.0
2024-07-18 03:01:51+00:00,btc_mxn,1145109.98,1145110.02,0.0
2024-07-18 03:01:52+00:00,btc_mxn,1145109.98,1145110.02,0.0
2024-07-18 03:01:53+00:00,btc_mxn,1145109.98,1145110.02,0.0
2024-07-18 03:01:54+00:00,btc_mxn,1145109.98,1145110.02,0.0
2024-07-18 03:01:55+00:00,btc_mxn,1145109.98,1145110.02,0.0
2024-07-18 03:01:56+00:00,btc_mxn,1145109.98,1145110.02,0.0
2024-07-18 03:01:57+00:00,btc_mxn,1145109.98,1145110.02,0.0
2024-07-18 03:01:58+00:00,btc_mxn,1145109.98,1145110.02,0.0
2024-07-18 03:01:59+00:00,btc_mxn,1145109.98,1145110.02,0.0
2024-07-18 03:02:00+00:00,btc_mxn,1145109.98,1145110.02,0.0
2024-07-18 03:02:01+00:00,btc_mxn,1145109.98,1145110.02,0.0
2024-07-18 03:02:02+00:00,btc_mxn,1145109.98,1145110.02,0.0
2024-07-18 03:02:03+00:00,btc_mxn,1145109.98,1145110.02,0.0
2024-07-18 03:02:04+00:00,btc_mxn,1145109.98,1145110.02,0.0
2024-07-18 03:02:05+00:00,btc_mxn,1145109.98,1145110.02,0.0
2024-07-18 03:02:06+00:00,btc_mxn,1145109.98,1145110.02,0.0
2024-07-18 03:02:07+00:00,btc_mxn,1145109.98,1145110.02,0.0
2024-07-18 03:02:08+00:00,btc_mxn,1145109.98,1145110.02,0.0
2024-07-18 03:02:09+00:00,btc_mxn,1145109.98,1145110.02,0.0
2024-07-18 03:02:10+00:00,btc_mxn,1145109.98,1145110.02,0.0
2024-07-18 03:02:11+00:00,btc_mxn,1145109.98,1145110.02,0.0
2024-07-18 03:02:12+00:00,btc_mxn,1145109.98,1145110.02,0.0
2024-07-18 03:02:13+00:00,btc_mxn,1145109.98,1145110.02,0.0
2024-07-18 03:02:14+00:00,btc_mxn,1145109.98,1145110.02,0.0
2024-07-18 03:02:15+00:00,btc_mxn,1145109.98,1145110.02,0.0
2024-07-18 03:02:16+00:00,btc_mxn,1145109.98,1145110.02,0.0
2024-07-18 03:02:17+00:00,btc_mxn,1145109.98,1145110.02,0.0
2024-07-18 03:02:18+00:00,btc_mxn,1145109.98,1145110.02,0.0
2024-07-18 03:02:19+00:00,btc_mxn,1145109.98,1145110.02,0.0
2024-07-18 03:02:20+00:00,btc_mxn,1145109.98,1145110.02,0.0
2024-07-18 03:02:21+00:00,btc_mxn,1145109.98,1145110.02,0.0
2024-07-18 03:02:22+00:00,btc_mxn,1145109.98,1145110.02,0.0
2024-07-18 03:02:23+00:00,btc_mxn,1145109.98,1145110.02,0.0
2024-07-18 03:02:24+00:00,btc_mxn,1145109.98,1145110.02,0.0
2024-07-18 03:02:25+00:00,btc_mxn,1145109.98,1145110.02,0.0
2024-07-18 03:02:26+00:00,btc_mxn,1145109.98,1145110.02,0.0
2024-07-18 03:02:27+00:00,btc_mxn,1145109.98,1145110.02,0.0
2024-07-18 03:02:28+00:00,btc_mxn,1145109.98,1145110.02,0.0
2024-07-18 03:02:29+00:00,btc_mxn,1145109.98,1145110.02,0.0
2024-07-18 03:02:30+00:00,btc_mxn,1145109.98,1145110.02,0.0
2024-07-18 03:02:31+00:00,btc_mxn,1145109.98,1145110.02,0.0
2024-07-18 03:02:33+00:00,btc_mxn,1145109.98,1145110.02,0.0
2024-07-18 03:02:34+00:00,btc_mxn,1145109.98,1145110.02,0.0
2024-07-18 03:02:34+00:00,btc_mxn,1145109.98,1145110.02,0.0
2024-07-18 03:02:35+00:00,btc_mxn,1145109.98,1145110.02,0.0
2024-07-18 03:02:36+00:00,btc_mxn,1145109.98,1145110.02,0.0
2024-07-18 03:02:38+00:00,btc_mxn,1145109.98,1145110.02,0.0
2024-07-18 03:02:38+00:00,btc_mxn,1145109.98,1145110.02,0.0
2024-07-18 03:02:39+00:00,btc_mxn,1145109.98,1145110.02,0.0
2024-07-18 03:02:41+00:00,btc_mxn,1145109.98,1145110.02,0.0
2024-07-18 03:02:41+00:00,btc_mxn,1145109.98,1145110.02,0.0
2024-07-18 03:02:42+00:00,btc_mxn,1145109.98,1145110.02,0.0
2024-07-18 03:02:44+00:00,btc_mxn,1145109.98,1145110.02,0.0
2024-07-18 03:02:45+00:00,btc_mxn,1145109.98,1145110.02,0.0
2024-07-18 03:02:46+00:00,btc_mxn,1145109.98,1145110.02,0.0
2024-07-18 03:02:47+00:00,btc_mxn,1145109.98,1145110.02,0.0
2024-07-18 03:02:48+00:00,btc_mxn,1145109.98,1145110.02,0.0
2024-07-18 03:02:49+00:00,btc_mxn,1145109.98,1145110.02,0.0
2024-07-18 03:02:50+00:00,btc_mxn,1145109.98,1145110.02,0.0
2024-07-18 03:02:51+00:00,btc_mxn,1145109.98,1145110.02,0.0
2024-07-18 03:02:52+00:00,btc_mxn,1145109.98,1145110.02,0.0
2024-07-18 03:02:53+00:00,btc_mxn,1145109.98,1145110.02,0.0
2024-07-18 03:02:54+00:00,btc_mxn,1145109.98,1145110.02,0.0
2024-07-18 03:02:55+00:00,btc_mxn,1145109.98,1145110.02,0.0
2024-07-18 03:02:56+00:00,btc_mxn,1145109.98,1145110.02,0.0
2024-07-18 03:02:57+00:00,btc_mxn,1145109.98,1145110.02,0.0
2024-07-18 03:02:58+00:00,btc_mxn,1145109.98,1145110.02,0.0
2024-07-18 03:02:59+00:00,btc_mxn,1145109.98,1145110.02,0.0
2024-07-18 03:03:00+00:00,btc_mxn,1145109.98,1145110.02,0.0
2024-07-18 03:03:01+00:00,btc_mxn,1145109.98,1145110.02,0.0
2024-07-18 03:03:02+00:00,btc_mxn,1145109.98,1145110.02,0.0
2024-07-18 03:03:03+00:00,btc_mxn,1145109.98,1145110.02,0.0
2024-07-18 03:03:04+00:00,btc_mxn,1145109.98,1145110.02,0.0
2024-07-18 03:03:05+00:00,btc_mxn,1145109.98,1145110.02,0.0
2024-07-18 03:03:06+00:00,btc_mxn,1145109.98,1145110.02,0.0
2024-07-18 03:03:07+00:00,btc_mxn,1145109.98,1145110.02,0.0
2024-07-18 03:03:08+00:00,btc_mxn,1145109.98,1145110.02,0.0
2024-07-18 03:03:09+00:00,btc_mxn,1145109.98,1145110.02,0.0
2024-07-18 03:03:10+00:00,btc_mxn,1145109.98,1145110.02,0.0
2024-07-18 03:03:11+00:00,btc_mxn,1145109.98,1145110.02,0.0
2024-07-18 03:03:12+00:00,btc_mxn,1145109.98,1145110.02,0.0
2024-07-18 03:03:13+00:00,btc_mxn,1145109.98,1145110.02,0.0
2024-07-18 03:03:14+00:00,btc_mxn,1145109.98,1145110.02,0.0
2024-07-18 03:03:15+00:00,btc_mxn,1145109.98,1145110.02,0.0
2024-07-18 03:03:17+00:00,btc_mxn,1145109.98,1145110.02,0.0
2024-07-18 03:03:18+00:00,btc_mxn,1145109.98,1145110.02,0.0
2024-07-18 03:03:18+00:00,btc_mxn,1145109.98,1145110.02,0.0
2024-07-18 03:03:19+00:00,btc_mxn,1145109.98,1145110.02,0.0
2024-07-18 03:03:20+00:00,btc_mxn,1145109.98,1145110.02,0.0
2024-07-18 03:03:21+00:00,btc_mxn,1145109.98,1145110.02,0.0
2024-07-18 03:03:22+00:00,btc_mxn,1145109.98,1145110.02,0.0
2024-07-18 03:03:23+00:00,btc_mxn,1145109.98,1145110.02,0.0
2024-07-18 03:03:24+00:00,btc_mxn,1145109.98,1145110.02,0.0
2024-07-18 03:03:25+00:00,btc_mxn,1145109.98,1145110.02,0.0
2024-07-18 03:03:27+00:00,btc_mxn,1145109.98,1145110.02,0.0
2024-07-18 03:03:27+00:00,btc_mxn,1145109.98,1145110.02,0.0
2024-07-18 03:03:28+00:00,btc_mxn,1145109.98,1145110.02,0.0
2024-07-18 03:03:29+00:00,btc_mxn,1145109.98,1145110.02,0.0
2024-07-18 03:03:30+00:00,btc_mxn,1145109.98,1145110.02,0.0
2024-07-18 03:03:31+00:00,btc_mxn,1145109.98,1145110.02,0.0
2024-07-18 03:03:32+00:00,btc_mxn,1145109.98,1145110.02,0.0
2024-07-18 03:03:33+00:00,btc_mxn,1145109.98,1145110.02,0.0
2024-07-18 03:03:34+00:00,btc_mxn,1145109.98,1145110.02,0.0
2024-07-18 03:03:35+00:00,btc_mxn,1145109.98,1145110.02,0.0
2024-07-18 03:03:36+00:00,btc_mxn,1145109.98,1145110.02,0.0
2024-07-18 03:03:37+00:00,btc_mxn,1145109.98,1145110.02,0.0
2024-07-18 03:03:38+00:00,btc_mxn,1145109.98,1145110.02,0.0
2024-07-18 03:03:39+00:00,btc_mxn,1145109.98,1145110.02,0.0
2024-07-18 03:03:40+00:00,btc_mxn,1145109.98,1145110.02,0.0
2024-07-18 03:03:42+00:00,btc_mxn,1145109.98,1145110.02,0.0
2024-07-18 03:03:43+00:00,btc_mxn,1145109.98,1145110.02,0.0
2024-07-18 03:03:44+00:00,btc_mxn,1145109.98,1145110.02,0.0
2024-07-18 03:03:44+00:00,btc_mxn,1145109.98,1145110.02,0.0
2024-07-18 03:03:46+00:00,btc_mxn,1145109.98,1145110.02,0.0
2024-07-18 03:03:47+00:00,btc_mxn,1145109.98,1145110.02,0.0
2024-07-18 03:03:48+00:00,btc_mxn,1145109.98,1145110.02,0.0
2024-07-18 03:03:49+00:00,btc_mxn,1145109.98,1145110.02,0.0
2024-07-18 03:03:50+00:00,btc_mxn,1145109.98,1145110.02,0.0
2024-07-18 03:03:51+00:00,btc_mxn,1145109.98,1145110.02,0.0
2024-07-18 03:03:52+00:00,btc_mxn,1145109.98,1145110.02,0.0
2024-07-18 03:03:53+00:00,btc_mxn,1145109.98,1145110.02,0.0
2024-07-18 03:03:54+00:00,btc_mxn,1145109.98,1145110.02,0.0
2024-07-18 03:03:55+00:00,btc_mxn,1145109.98,1145110.02,0.0
2024-07-18 03:03:56+00:00,btc_mxn,1145109.98,1145110.02,0.0
2024-07-18 03:03:57+00:00,btc_mxn,1145109.98,1145110.02,0.0
2024-07-18 03:03:58+00:00,btc_mxn,1145109.98,1145110.02,0.0
2024-07-18 03:03:59+00:00,btc_mxn,1145109.98,1145110.02,0.0
2024-07-18 03:04:00+00:00,btc_mxn,1145109.98,1145110.02,0.0
2024-07-18 03:04:01+00:00,btc_mxn,1145109.98,1145110.02,0.0
2024-07-18 03:04:02+00:00,btc_mxn,1145109.98,1145110.02,0.0
2024-07-18 03:04:03+00:00,btc_mxn,1145109.98,1145110.02,0.0
2024-07-18 03:04:04+00:00,btc_mxn,1145109.98,1145110.02,0.0
2024-07-18 03:04:05+00:00,btc_mxn,1145109.98,1145110.02,0.0
2024-07-18 03:04:06+00:00,btc_mxn,1145109.98,1145110.02,0.0
2024-07-18 03:04:07+00:00,btc_mxn,1145109.98,1145110.02,0.0
2024-07-18 03:04:08+00:00,btc_mxn,1145109.98,1145110.02,0.0
2024-07-18 03:04:09+00:00,btc_mxn,1145109.98,1145110.02,0.0
2024-07-18 03:04:10+00:00,btc_mxn,1145109.98,1145110.02,0.0
2024-07-18 03:04:11+00:00,btc_mxn,1145109.98,1145110.02,0.0
2024-07-18 03:04:12+00:00,btc_mxn,1145109.98,1145110.02,0.0
2024-07-18 03:04:13+00:00,btc_mxn,1145109.98,1145110.02,0.0
2024-07-18 03:04:14+00:00,btc_mxn,1145109.98,1145110.02,0.0
2024-07-18 03:04:15+00:00,btc_mxn,1145109.98,1145110.02,0.0
2024-07-18 03:04:16+00:00,btc_mxn,1145109.98,1145110.02,0.0
2024-07-18 03:04:17+00:00,btc_mxn,1145109.98,1145110.02,0.0
2024-07-18 03:04:18+00:00,btc_mxn,1145109.98,1145110.02,0.0
2024-07-18 03:04:19+00:00,btc_mxn,1145109.98,1145110.02,0.0
2024-07-18 03:04:20+00:00,btc_mxn,1145109.98,1145110.02,0.0
2024-07-18 03:04:21+00:00,btc_mxn,1145109.98,1145110.02,0.0
2024-07-18 03:04:22+00:00,btc_mxn,1145109.98,1145110.02,0.0
2024-07-18 03:04:23+00:00,btc_mxn,1145109.98,1145110.02,0.0
2024-07-18 03:04:24+00:00,btc_mxn,1145109.98,1145110.02,0.0
2024-07-18 03:04:25+00:00,btc_mxn,1145109.98,1145110.02,0.0
2024-07-18 03:04:26+00:00,btc_mxn,1145109.98,1145110.02,0.0
2024-07-18 03:04:27+00:00,btc_mxn,1145109.98,1145110.02,0.0
2024-07-18 03:04:29+00:00,btc_mxn,1145109.98,1145110.02,0.0
2024-07-18 03:04:30+00:00,btc_mxn,1145109.98,1145110.02,0.0
2024-07-18 03:04:30+00:00,btc_mxn,1145109.98,1145110.02,0.0
2024-07-18 03:04:31+00:00,btc_mxn,1145109.98,1145110.02,0.0
2024-07-18 03:04:32+00:00,btc_mxn,1145109.98,1145110.02,0.0
2024-07-18 03:04:34+00:00,btc_mxn,1145109.98,1145110.02,0.0
2024-07-18 03:04:34+00:00,btc_mxn,1145109.98,1145110.02,0.0
2024-07-18 03:04:35+00:00,btc_mxn,1145109.98,1145110.02,0.0
2024-07-18 03:04:36+00:00,btc_mxn,1145109.98,1145110.02,0.0
2024-07-18 03:04:37+00:00,btc_mxn,1145109.98,1145110.02,0.0
2024-07-18 03:04:38+00:00,btc_mxn,1145109.98,1145110.02,0.0
2024-07-18 03:04:39+00:00,btc_mxn,1145109.98,1145110.02,0.0
2024-07-18 03:04:40+00:00,btc_mxn,1145109.98,1145110.02,0.0
2024-07-18 03:04:41+00:00,btc_mxn,1145109.98,1145110.02,0.0
2024-07-18 03:04:42+00:00,btc_mxn,1145109.98,1145110.02,0.0
2024-07-18 03:04:43+00:00,btc_mxn,1145109.98,1145110.02,0.0
2024-07-18 03:04:44+00:00,btc_mxn,1145109.98,1145110.02,0.0
2024-07-18 03:04:45+00:00,btc_mxn,1145109.98,1145110.02,0.0
2024-07-18 03:04:46+00:00,btc_mxn,1145109.98,1145110.02,0.0
2024-07-18 03:04:48+00:00,btc_mxn,1145109.98,1145110.02,0.0
2024-07-18 03:04:48+00:00,btc_mxn,1145109.98,1145110.02,0.0
2024-07-18 03:04:49+00:00,btc_mxn,1145109.98,1145110.02,0.0
2024-07-18 03:04:50+00:00,btc_mxn,1145109.98,1145110.02,0.0
2024-07-18 03:04:52+00:00,btc_mxn,1145109.98,1145110.02,0.0
2024-07-18 03:04:52+00:00,btc_mxn,1145109.98,1145110.02,0.0
2024-07-18 03:04:54+00:00,btc_mxn,1145109.98,1145110.02,0.0
2024-07-18 03:04:55+00:00,btc_mxn,1145109.98,1145110.02,0.0
2024-07-18 03:04:55+00:00,btc_mxn,1145109.98,1145110.02,0.0
2024-07-18 03:04:57+00:00,btc_mxn,1145109.98,1145110.02,0.0
2024-07-18 03:04:58+00:00,btc_mxn,1145109.98,1145110.02,0.0
2024-07-18 03:04:59+00:00,btc_mxn,1145109.98,1145110.02,0.0
2024-07-18 03:05:00+00:00,btc_mxn,1145109.98,1145110.02,0.0
2024-07-18 03:05:01+00:00,btc_mxn,1145109.98,1145110.02,0.0
2024-07-18 03:05:02+00:00,btc_mxn,1145109.98,1145110.02,0.0
2024-07-18 03:05:03+00:00,btc_mxn,1145109.98,1145110.02,0.0
2024-07-18 03:05:04+00:00,btc_mxn,1145109.98,1145110.02,0.0
2024-07-18 03:05:05+00:00,btc_mxn,1145109.98,1145110.02,0.0
2024-07-18 03:05:06+00:00,btc_mxn,1145109.98,1145110.02,0.0
2024-07-18 03:05:07+00:00,btc_mxn,1145109.98,1145110.02,0.0
2024-07-18 03:05:08+00:00,btc_mxn,1145109.98,1145110.02,0.0
2024-07-18 03:05:09+00:00,btc_mxn,1145109.98,1145110.02,0.0
2024-07-18 03:05:10+00:00,btc_mxn,1145109.98,1145110.02,0.0
2024-07-18 03:05:11+00:00,btc_mxn,1145109.98,1145110.02,0.0
2024-07-18 03:05:12+00:00,btc_mxn,1145109.98,1145110.02,0.0
2024-07-18 03:05:13+00:00,btc_mxn,1145109.98,1145110.02,0.0
2024-07-18 03:05:14+00:00,btc_mxn,1145109.98,1145110.02,0.0
2024-07-18 03:05:15+00:00,btc_mxn,1145109.98,1145110.02,0.0
2024-07-18 03:05:16+00:00,btc_mxn,1145109.98,1145110.02,0.0
2024-07-18 03:05:17+00:00,btc_mxn,1145109.98,1145110.02,0.0
2024-07-18 03:05:18+00:00,btc_mxn,1145109.98,1145110.02,0.0
2024-07-18 03:05:19+00:00,btc_mxn,1145109.98,1145110.02,0.0
2024-07-18 03:05:20+00:00,btc_mxn,1145109.98,1145110.02,0.0
2024-07-18 03:05:21+00:00,btc_mxn,1145109.98,1145110.02,0.0
2024-07-18 03:05:22+00:00,btc_mxn,1145109.98,1145110.02,0.0
2024-07-18 03:05:23+00:00,btc_mxn,1145109.98,1145110.02,0.0
2024-07-18 03:05:24+00:00,btc_mxn,1145109.98,1145110.02,0.0
2024-07-18 03:05:25+00:00,btc_mxn,1145109.98,1145110.02,0.0
2024-07-18 03:05:26+00:00,btc_mxn,1145109.98,1145110.02,0.0
2024-07-18 03:05:27+00:00,btc_mxn,1145109.98,1145110.02,0.0
2024-07-18 03:05:28+00:00,btc_mxn,1145109.98,1145110.02,0.0
2024-07-18 03:05:29+00:00,btc_mxn,1145109.98,1145110.02,0.0
2024-07-18 03:05:30+00:00,btc_mxn,1145109.98,1145110.02,0.0
2024-07-18 03:05:31+00:00,btc_mxn,1145109.98,1145110.02,0.0
2024-07-18 03:05:32+00:00,btc_mxn,1145109.98,1145110.02,0.0
2024-07-18 03:05:33+00:00,btc_mxn,1145109.98,1145110.02,0.0
2024-07-18 03:05:35+00:00,btc_mxn,1145109.98,1145110.02,0.0
2024-07-18 03:05:35+00:00,btc_mxn,1145109.98,1145110.02,0.0
2024-07-18 03:05:37+00:00,btc_mxn,1145109.98,1145110.02,0.0
2024-07-18 03:05:38+00:00,btc_mxn,1145109.98,1145110.02,0.0
2024-07-18 03:05:40+00:00,btc_mxn,1145109.98,1145110.02,0.0
2024-07-18 03:05:40+00:00,btc_mxn,1145109.98,1145110.02,0.0
2024-07-18 03:05:41+00:00,btc_mxn,1145109.98,1145110.02,0.0
2024-07-18 03:05:42+00:00,btc_mxn,1145109.98,1145110.02,0.0
2024-07-18 03:05:43+00:00,btc_mxn,1145109.98,1145110.02,0.0
2024-07-18 03:05:44+00:00,btc_mxn,1145109.98,1145110.02,0.0
2024-07-18 03:05:45+00:00,btc_mxn,1145209.98,1145210.02,0.0
2024-07-18 03:05:46+00:00,btc_mxn,1145209.98,1145210.02,0.0
2024-07-18 03:05:47+00:00,btc_mxn,1145209.98,1145210.02,0.0
2024-07-18 03:05:48+00:00,btc_mxn,1145209.98,1145210.02,0.0
2024-07-18 03:05:49+00:00,btc_mxn,1145209.98,1145210.02,0.0
2024-07-18 03:05:50+00:00,btc_mxn,1145209.98,1145210.02,0.0
2024-07-18 03:05:51+00:00,btc_mxn,1145209.98,1145210.02,0.0
2024-07-18 03:05:52+00:00,btc_mxn,1145209.98,1145210.02,0.0
2024-07-18 03:05:53+00:00,btc_mxn,1145209.98,1145210.02,0.0
2024-07-18 03:05:55+00:00,btc_mxn,1145209.98,1145210.02,0.0
2024-07-18 03:05:55+00:00,btc_mxn,1145209.98,1145210.02,0.0
2024-07-18 03:05:56+00:00,btc_mxn,1145209.98,1145210.02,0.0
2024-07-18 03:05:57+00:00,btc_mxn,1145209.98,1145210.02,0.0
2024-07-18 03:05:59+00:00,btc_mxn,1145209.98,1145210.02,0.0
2024-07-18 03:05:59+00:00,btc_mxn,1145209.98,1145210.02,0.0
2024-07-18 03:06:00+00:00,btc_mxn,1145209.98,1145210.02,0.0
2024-07-18 03:06:02+00:00,btc_mxn,1145209.98,1145210.02,0.0
2024-07-18 03:06:02+00:00,btc_mxn,1145209.98,1145210.02,0.0
2024-07-18 03:06:03+00:00,btc_mxn,1145209.98,1145210.02,0.0
2024-07-18 03:06:04+00:00,btc_mxn,1145209.98,1145210.02,0.0
2024-07-18 03:06:05+00:00,btc_mxn,1145209.98,1145210.02,0.0
2024-07-18 03:06:06+00:00,btc_mxn,1145209.98,1145210.02,0.0
2024-07-18 03:06:07+00:00,btc_mxn,1145209.98,1145210.02,0.0
2024-07-18 03:06:08+00:00,btc_mxn,1145209.98,1145210.02,0.0
2024-07-18 03:06:09+00:00,btc_mxn,1145209.98,1145210.02,0.0
2024-07-18 03:06:11+00:00,btc_mxn,1145209.98,1145210.02,0.0
2024-07-18 03:06:12+00:00,btc_mxn,1145209.98,1145210.02,0.0
2024-07-18 03:06:13+00:00,btc_mxn,1145209.98,1145210.02,0.0
2024-07-18 03:06:14+00:00,btc_mxn,1145209.98,1145210.02,0.0
2024-07-18 03:06:15+00:00,btc_mxn,1145209.98,1145210.02,0.0
2024-07-18 03:06:16+00:00,btc_mxn,1145209.98,1145210.02,0.0
2024-07-18 03:06:17+00:00,btc_mxn,1145209.98,1145210.02,0.0
2024-07-18 03:06:18+00:00,btc_mxn,1145209.98,1145210.02,0.0
2024-07-18 03:06:19+00:00,btc_mxn,1145209.98,1145210.02,0.0
2024-07-18 03:06:20+00:00,btc_mxn,1145209.98,1145210.02,0.0
2024-07-18 03:06:21+00:00,btc_mxn,1145209.98,1145210.02,0.0
2024-07-18 03:06:22+00:00,btc_mxn,1145209.98,1145210.02,0.0
2024-07-18 03:06:23+00:00,btc_mxn,1145209.98,1145210.02,0.0
2024-07-18 03:06:24+00:00,btc_mxn,1145209.98,1145210.02,0.0
2024-07-18 03:06:25+00:00,btc_mxn,1145209.98,1145210.02,0.0
2024-07-18 03:06:26+00:00,btc_mxn,1145209.98,1145210.02,0.0
2024-07-18 03:06:27+00:00,btc_mxn,1145209.98,1145210.02,0.0
2024-07-18 03:06:28+00:00,btc_mxn,1145209.98,1145210.02,0.0
2024-07-18 03:06:29+00:00,btc_mxn,1145209.98,1145210.02,0.0
2024-07-18 03:06:30+00:00,btc_mxn,1145209.98,1145210.02,0.0
2024-07-18 03:06:31+00:00,btc_mxn,1145209.98,1145210.02,0.0
2024-07-18 03:06:32+00:00,btc_mxn,1145209.98,1145210.02,0.0
2024-07-18 03:06:33+00:00,btc_mxn,1145209.98,1145210.02,0.0
2024-07-18 03:06:34+00:00,btc_mxn,1145209.98,1145210.02,0.0
2024-07-18 03:06:35+00:00,btc_mxn,1145209.98,1145210.02,0.0
2024-07-18 03:06:36+00:00,btc_mxn,1145209.98,1145210.02,0.0
2024-07-18 03:06:37+00:00,btc_mxn,1145209.98,1145210.02,0.0
2024-07-18 03:06:38+00:00,btc_mxn,1145209.98,1145210.02,0.0
2024-07-18 03:06:39+00:00,btc_mxn,1145209.98,1145210.02,0.0
2024-07-18 03:06:40+00:00,btc_mxn,1145209.98,1145210.02,0.0
2024-07-18 03:06:41+00:00,btc_mxn,1145209.98,1145210.02,0.0
2024-07-18 03:06:42+00:00,btc_mxn,1145209.98,1145210.02,0.0
2024-07-18 03:06:43+00:00,btc_mxn,1145209.98,1145210.02,0.0
2024-07-18 03:06:44+00:00,btc_mxn,1145209.98,1145210.02,0.0
2024-07-18 03:06:45+00:00,btc_mxn,1145209.98,1145210.02,0.0
2024-07-18 03:06:46+00:00,btc_mxn,1145209.98,1145210.02,0.0
2024-07-18 03:06:48+00:00,btc_mxn,1145209.98,1145210.02,0.0
2024-07-18 03:06:48+00:00,btc_mxn,1145209.98,1145210.02,0.0
2024-07-18 03:06:49+00:00,btc_mxn,1145209.98,1145210.02,0.0
2024-07-18 03:06:50+00:00,btc_mxn,1145209.98,1145210.02,0.0
2024-07-18 03:06:51+00:00,btc_mxn,1145209.98,1145210.02,0.0
2024-07-18 03:06:52+00:00,btc_mxn,1145209.98,1145210.02,0.0
2024-07-18 03:06:53+00:00,btc_mxn,1145209.98,1145210.02,0.0
2024-07-18 03:06:54+00:00,btc_mxn,1145209.98,1145210.02,0.0
2024-07-18 03:06:55+00:00,btc_mxn,1145209.98,1145210.02,0.0
2024-07-18 03:06:56+00:00,btc_mxn,1145209.98,1145210.02,0.0
2024-07-18 03:06:57+00:00,btc_mxn,1145209.98,1145210.02,0.0
2024-07-18 03:06:58+00:00,btc_mxn,1145209.98,1145210.02,0.0
2024-07-18 03:07:00+00:00,btc_mxn,1145209.98,1145210.02,0.0
2024-07-18 03:07:00+00:00,btc_mxn,1145209.98,1145210.02,0.0
2024-07-18 03:07:01+00:00,btc_mxn,1145209.98,1145210.02,0.0
2024-07-18 03:07:02+00:00,btc_mxn,1145209.98,1145210.02,0.0
2024-07-18 03:07:03+00:00,btc_mxn,1145209.98,1145210.02,0.0
2024-07-18 03:07:04+00:00,btc_mxn,1145209.98,1145210.02,0.0
2024-07-18 03:07:05+00:00,btc_mxn,1145209.98,1145210.02,0.0
2024-07-18 03:07:06+00:00,btc_mxn,1145209.98,1145210.02,0.0
2024-07-18 03:07:07+00:00,btc_mxn,1145209.98,1145210.02,0.0
2024-07-18 03:07:08+00:00,btc_mxn,1145209.98,1145210.02,0.0
2024-07-18 03:07:09+00:00,btc_mxn,1145209.98,1145210.02,0.0
2024-07-18 03:07:11+00:00,btc_mxn,1145209.98,1145210.02,0.0
2024-07-18 03:07:12+00:00,btc_mxn,1145209.98,1145210.02,0.0
2024-07-18 03:07:13+00:00,btc_mxn,1145209.98,1145210.02,0.0
2024-07-18 03:07:14+00:00,btc_mxn,1145209.98,1145210.02,0.0
2024-07-18 03:07:14+00:00,btc_mxn,1145209.98,1145210.02,0.0
2024-07-18 03:07:16+00:00,btc_mxn,1145209.98,1145210.02,0.0
2024-07-18 03:07:17+00:00,btc_mxn,1145209.98,1145210.02,0.0
2024-07-18 03:07:17+00:00,btc_mxn,1145209.98,1145210.02,0.0
2024-07-18 03:07:19+00:00,btc_mxn,1145209.98,1145210.02,0.0
2024-07-18 03:07:20+00:00,btc_mxn,1145209.98,1145210.02,0.0
2024-07-18 03:07:21+00:00,btc_mxn,1145209.98,1145210.02,0.0
2024-07-18 03:07:22+00:00,btc_mxn,1145209.98,1145210.02,0.0
2024-07-18 03:07:23+00:00,btc_mxn,1145209.98,1145210.02,0.0
2024-07-18 03:07:24+00:00,btc_mxn,1145209.98,1145210.02,0.0
2024-07-18 03:07:25+00:00,btc_mxn,1145209.98,1145210.02,0.0
2024-07-18 03:07:26+00:00,btc_mxn,1145209.98,1145210.02,0.0
2024-07-18 03:07:27+00:00,btc_mxn,1145209.98,1145210.02,0.0
2024-07-18 03:07:28+00:00,btc_mxn,1145209.98,1145210.02,0.0
2024-07-18 03:07:29+00:00,btc_mxn,1145209.98,1145210.02,0.0
2024-07-18 03:07:30+00:00,btc_mxn,1145209.98,1145210.02,0.0
2024-07-18 03:07:31+00:00,btc_mxn,1145209.98,1145210.02,0.0
2024-07-18 03:07:32+00:00,btc_mxn,1145209.98,1145210.02,0.0
2024-07-18 03:07:33+00:00,btc_mxn,1145209.98,1145210.02,0.0
2024-07-18 03:07:34+00:00,btc_mxn,1145209.98,1145210.02,0.0
2024-07-18 03:07:35+00:00,btc_mxn,1145209.98,1145210.02,0.0
2024-07-18 03:07:36+00:00,btc_mxn,1145209.98,1145210.02,0.0
2024-07-18 03:07:37+00:00,btc_mxn,1146280.0,1146560.0,0.024
2024-07-18 03:07:38+00:00,btc_mxn,1146330.0,1146560.0,0.02
2024-07-18 03:07:39+00:00,btc_mxn,1146360.0,1146560.0,0.017
2024-07-18 03:07:40+00:00,btc_mxn,1146360.0,1146560.0,0.017
2024-07-18 03:07:41+00:00,btc_mxn,1146360.0,1146560.0,0.017
2024-07-18 03:07:42+00:00,btc_mxn,1146360.0,1146560.0,0.017
2024-07-18 03:07:43+00:00,btc_mxn,1146360.0,1146560.0,0.017
2024-07-18 03:07:44+00:00,btc_mxn,1146380.0,1146560.0,0.016
2024-07-18 03:07:45+00:00,btc_mxn,1146380.0,1146560.0,0.016
2024-07-18 03:07:46+00:00,btc_mxn,1146380.0,1146560.0,0.016
2024-07-18 03:07:47+00:00,btc_mxn,1146380.0,1146560.0,0.016
2024-07-18 03:07:48+00:00,btc_mxn,1146380.0,1146560.0,0.016
2024-07-18 03:07:49+00:00,btc_mxn,1146380.0,1146560.0,0.016
2024-07-18 03:07:51+00:00,btc_mxn,1146410.0,1146560.0,0.013
2024-07-18 03:07:52+00:00,btc_mxn,1146410.0,1146560.0,0.013
2024-07-18 03:07:53+00:00,btc_mxn,1146420.0,1146560.0,0.012
2024-07-18 03:07:54+00:00,btc_mxn,1146420.0,1146560.0,0.012
2024-07-18 03:07:55+00:00,btc_mxn,1146420.0,1146560.0,0.012
2024-07-18 03:07:57+00:00,btc_mxn,1146420.0,1146560.0,0.012
2024-07-18 03:07:57+00:00,btc_mxn,1146420.0,1146560.0,0.012
2024-07-18 03:07:58+00:00,btc_mxn,1146420.0,1146560.0,0.012
2024-07-18 03:07:59+00:00,btc_mxn,1146420.0,1146560.0,0.012
2024-07-18 03:08:00+00:00,btc_mxn,1146420.0,1146560.0,0.012
2024-07-18 03:08:01+00:00,btc_mxn,1146420.0,1146560.0,0.012
2024-07-18 03:08:02+00:00,btc_mxn,1146420.0,1146560.0,0.012
2024-07-18 03:08:03+00:00,btc_mxn,1146420.0,1146560.0,0.012
2024-07-18 03:08:04+00:00,btc_mxn,1146420.0,1146560.0,0.012
2024-07-18 03:08:05+00:00,btc_mxn,1146420.0,1146560.0,0.012
2024-07-18 03:08:06+00:00,btc_mxn,1146420.0,1146560.0,0.012
2024-07-18 03:08:07+00:00,btc_mxn,1146420.0,1146560.0,0.012
2024-07-18 03:08:08+00:00,btc_mxn,1146420.0,1146560.0,0.012
2024-07-18 03:08:09+00:00,btc_mxn,1146420.0,1146560.0,0.012
2024-07-18 03:08:10+00:00,btc_mxn,1146420.0,1146560.0,0.012
2024-07-18 03:08:12+00:00,btc_mxn,1146420.0,1146560.0,0.012
2024-07-18 03:08:12+00:00,btc_mxn,1146420.0,1146560.0,0.012
2024-07-18 03:08:13+00:00,btc_mxn,1146420.0,1146560.0,0.012
2024-07-18 03:08:15+00:00,btc_mxn,1146420.0,1146560.0,0.012
2024-07-18 03:08:15+00:00,btc_mxn,1146420.0,1146560.0,0.012
2024-07-18 03:08:16+00:00,btc_mxn,1146420.0,1146560.0,0.012
2024-07-18 03:08:18+00:00,btc_mxn,1146420.0,1146560.0,0.012
2024-07-18 03:08:18+00:00,btc_mxn,1146420.0,1146560.0,0.012
2024-07-18 03:08:19+00:00,btc_mxn,1146420.0,1146560.0,0.012
2024-07-18 03:08:20+00:00,btc_mxn,1146420.0,1146560.0,0.012
2024-07-18 03:08:21+00:00,btc_mxn,1146420.0,1146560.0,0.012
2024-07-18 03:08:22+00:00,btc_mxn,1146420.0,1146560.0,0.012
2024-07-18 03:08:24+00:00,btc_mxn,1146420.0,1146560.0,0.012
2024-07-18 03:08:24+00:00,btc_mxn,1146420.0,1146560.0,0.012
2024-07-18 03:08:25+00:00,btc_mxn,1146420.0,1146560.0,0.012
2024-07-18 03:08:26+00:00,btc_mxn,1146420.0,1146560.0,0.012
2024-07-18 03:08:28+00:00,btc_mxn,1146420.0,1146560.0,0.012
2024-07-18 03:08:28+00:00,btc_mxn,1146420.0,1146560.0,0.012
2024-07-18 03:08:29+00:00,btc_mxn,1146420.0,1146560.0,0.012
2024-07-18 03:08:31+00:00,btc_mxn,1146420.0,1146560.0,0.012
2024-07-18 03:08:32+00:00,btc_mxn,1146420.0,1146560.0,0.012
2024-07-18 03:08:33+00:00,btc_mxn,1146420.0,1146560.0,0.012
2024-07-18 03:08:35+00:00,btc_mxn,1146420.0,1146560.0,0.012
2024-07-18 03:08:36+00:00,btc_mxn,1146420.0,1146560.0,0.012
2024-07-18 03:08:36+00:00,btc_mxn,1146420.0,1146560.0,0.012
2024-07-18 03:08:38+00:00,btc_mxn,1146420.0,1146560.0,0.012
2024-07-18 03:08:39+00:00,btc_mxn,1146470.0,1146560.0,0.008
2024-07-18 03:08:40+00:00,btc_mxn,1146470.0,1146560.0,0.008
2024-07-18 03:08:41+00:00,btc_mxn,1146470.0,1146560.0,0.008
2024-07-18 03:08:42+00:00,btc_mxn,1146470.0,1146560.0,0.008
2024-07-18 03:08:43+00:00,btc_mxn,1146470.0,1146560.0,0.008
2024-07-18 03:08:44+00:00,btc_mxn,1146470.0,1146560.0,0.008
2024-07-18 03:08:45+00:00,btc_mxn,1146470.0,1146560.0,0.008
2024-07-18 03:08:46+00:00,btc_mxn,1146470.0,1146560.0,0.008
2024-07-18 03:08:47+00:00,btc_mxn,1146470.0,1146560.0,0.008
2024-07-18 03:08:48+00:00,btc_mxn,1146470.0,1146560.0,0.008
2024-07-18 03:08:49+00:00,btc_mxn,1146470.0,1146560.0,0.008
2024-07-18 03:08:50+00:00,btc_mxn,1146470.0,1146560.0,0.008
2024-07-18 03:08:51+00:00,btc_mxn,1146470.0,1146560.0,0.008
2024-07-18 03:08:52+00:00,btc_mxn,1146470.0,1146560.0,0.008
2024-07-18 03:08:53+00:00,btc_mxn,1146740.0,1147790.0,0.091
2024-07-18 03:08:54+00:00,btc_mxn,1146740.0,1147790.0,0.091
2024-07-18 03:08:55+00:00,btc_mxn,1146740.0,1147790.0,0.091
2024-07-18 03:08:56+00:00,btc_mxn,1146740.0,1147790.0,0.091
2024-07-18 03:08:57+00:00,btc_mxn,1146740.0,1147790.0,0.091
2024-07-18 03:08:58+00:00,btc_mxn,1146740.0,1147790.0,0.091
2024-07-18 03:08:59+00:00,btc_mxn,1146740.0,1147790.0,0.091
2024-07-18 03:09:00+00:00,btc_mxn,1146740.0,1147790.0,0.091
2024-07-18 03:09:01+00:00,btc_mxn,1146740.0,1147790.0,0.091
2024-07-18 03:09:02+00:00,btc_mxn,1146740.0,1147790.0,0.091
2024-07-18 03:09:03+00:00,btc_mxn,1146740.0,1147790.0,0.091
2024-07-18 03:09:04+00:00,btc_mxn,1146740.0,1147790.0,0.091
2024-07-18 03:09:05+00:00,btc_mxn,1146740.0,1147790.0,0.091
2024-07-18 03:09:06+00:00,btc_mxn,1146740.0,1147790.0,0.091
2024-07-18 03:09:07+00:00,btc_mxn,1146740.0,1147790.0,0.091
2024-07-18 03:09:08+00:00,btc_mxn,1146740.0,1147790.0,0.091
2024-07-18 03:09:09+00:00,btc_mxn,1146740.0,1147790.0,0.091
2024-07-18 03:09:10+00:00,btc_mxn,1146740.0,1147790.0,0.091
2024-07-18 03:09:11+00:00,btc_mxn,1146740.0,1147790.0,0.091
2024-07-18 03:09:12+00:00,btc_mxn,1146740.0,1147790.0,0.091
2024-07-18 03:09:13+00:00,btc_mxn,1146740.0,1147790.0,0.091
2024-07-18 03:09:14+00:00,btc_mxn,1146740.0,1147790.0,0.091
2024-07-18 03:09:15+00:00,btc_mxn,1146740.0,1147790.0,0.091
2024-07-18 03:09:16+00:00,btc_mxn,1146740.0,1147790.0,0.091
2024-07-18 03:09:17+00:00,btc_mxn,1146740.0,1147790.0,0.091
2024-07-18 03:09:18+00:00,btc_mxn,1146740.0,1147790.0,0.091
2024-07-18 03:09:19+00:00,btc_mxn,1146740.0,1147790.0,0.091
2024-07-18 03:09:20+00:00,btc_mxn,1146740.0,1147790.0,0.091
2024-07-18 03:09:21+00:00,btc_mxn,1146740.0,1147790.0,0.091
2024-07-18 03:09:22+00:00,btc_mxn,1146740.0,1147790.0,0.091
2024-07-18 03:09:23+00:00,btc_mxn,1146740.0,1147790.0,0.091
2024-07-18 03:09:24+00:00,btc_mxn,1146740.0,1147790.0,0.091
2024-07-18 03:09:25+00:00,btc_mxn,1146740.0,1147790.0,0.091
2024-07-18 03:09:26+00:00,btc_mxn,1146740.0,1147790.0,0.091
2024-07-18 03:09:27+00:00,btc_mxn,1146740.0,1147790.0,0.091
