orderbook_timestamp,book,bid,ask,spread
2024-07-18 00:26:57+00:00,btc_mxn,1133239.98,1133240.0,0.0
2024-07-18 00:26:58+00:00,btc_mxn,1133239.98,1133240.0,0.0
2024-07-18 00:26:59+00:00,btc_mxn,1133239.98,1133240.0,0.0
2024-07-18 00:27:00+00:00,btc_mxn,1133239.98,1133240.0,0.0
2024-07-18 00:27:01+00:00,btc_mxn,1133239.98,1133240.0,0.0
2024-07-18 00:27:02+00:00,btc_mxn,1133239.98,1133240.0,0.0
2024-07-18 00:27:04+00:00,btc_mxn,1133239.98,1133240.0,0.0
2024-07-18 00:27:04+00:00,btc_mxn,1133239.98,1133240.0,0.0
2024-07-18 00:27:06+00:00,btc_mxn,1133239.98,1133240.0,0.0
2024-07-18 00:27:07+00:00,btc_mxn,1133239.98,1133240.0,0.0
2024-07-18 00:27:08+00:00,btc_mxn,1133239.98,1133240.0,0.0
2024-07-18 00:27:09+00:00,btc_mxn,1133239.98,1133240.0,0.0
2024-07-18 00:27:10+00:00,btc_mxn,1133239.98,1133240.0,0.0
2024-07-18 00:27:11+00:00,btc_mxn,1133239.98,1133240.0,0.0
2024-07-18 00:27:12+00:00,btc_mxn,1133239.98,1133240.0,0.0
2024-07-18 00:27:13+00:00,btc_mxn,1133239.98,1133240.0,0.0
2024-07-18 00:27:14+00:00,btc_mxn,1133239.98,1133240.0,0.0
2024-07-18 00:27:15+00:00,btc_mxn,1133239.98,1133240.0,0.0
2024-07-18 00:27:16+00:00,btc_mxn,1133239.98,1133240.0,0.0
2024-07-18 00:27:17+00:00,btc_mxn,1133239.98,1133240.0,0.0
2024-07-18 00:27:18+00:00,btc_mxn,1133239.98,1133240.0,0.0
2024-07-18 00:27:19+00:00,btc_mxn,1133239.98,1133240.0,0.0
2024-07-18 00:27:20+00:00,btc_mxn,1133239.98,1133240.0,0.0
2024-07-18 00:27:21+00:00,btc_mxn,1133239.98,1133240.0,0.0
2024-07-18 00:27:22+00:00,btc_mxn,1133239.98,1133240.0,0.0
2024-07-18 00:27:23+00:00,btc_mxn,1133239.98,1133240.0,0.0
2024-07-18 00:27:24+00:00,btc_mxn,1133239.98,1133240.0,0.0
2024-07-18 00:27:25+00:00,btc_mxn,1133239.98,1133240.0,0.0
2024-07-18 00:27:26+00:00,btc_mxn,1133239.98,1133240.0,0.0
2024-07-18 00:27:27+00:00,btc_mxn,1133239.98,1133240.0,0.0
2024-07-18 00:27:28+00:00,btc_mxn,1133239.98,1133240.0,0.0
2024-07-18 00:27:29+00:00,btc_mxn,1133239.98,1133240.0,0.0
2024-07-18 00:27:30+00:00,btc_mxn,1133239.98,1133240.0,0.0
2024-07-18 00:27:31+00:00,btc_mxn,1133239.98,1133240.0,0.0
2024-07-18 00:27:32+00:00,btc_mxn,1133239.98,1133240.0,0.0
2024-07-18 00:27:33+00:00,btc_mxn,1133239.98,1133240.0,0.0
2024-07-18 00:27:34+00:00,btc_mxn,1133239.98,1133240.0,0.0
2024-07-18 00:27:35+00:00,btc_mxn,1133239.98,1133240.0,0.0
2024-07-18 00:27:36+00:00,btc_mxn,1133239.98,1133240.0,0.0
2024-07-18 00:27:37+00:00,btc_mxn,1133239.98,1133240.02,0.0
2024-07-18 00:27:38+00:00,btc_mxn,1133239.98,1133240.02,0.0
2024-07-18 00:27:39+00:00,btc_mxn,1133239.98,1133240.02,0.0
2024-07-18 00:27:40+00:00,btc_mxn,1133239.98,1133240.02,0.0
2024-07-18 00:27:41+00:00,btc_mxn,1133239.98,1133240.02,0.0
2024-07-18 00:27:42+00:00,btc_mxn,1134010.0,1134110.0,0.009
2024-07-18 00:27:43+00:00,btc_mxn,1134020.0,1134110.0,0.008
2024-07-18 00:27:44+00:00,btc_mxn,1134020.0,1134110.0,0.008
2024-07-18 00:27:45+00:00,btc_mxn,1134020.0,1134110.0,0.008
2024-07-18 00:27:46+00:00,btc_mxn,1134030.0,1134110.0,0.007
2024-07-18 00:27:47+00:00,btc_mxn,1134030.0,1134110.0,0.007
2024-07-18 00:27:48+00:00,btc_mxn,1134030.0,1134110.0,0.007
2024-07-18 00:27:49+00:00,btc_mxn,1134030.0,1134110.0,0.007
2024-07-18 00:27:50+00:00,btc_mxn,1134030.0,1134110.0,0.007
2024-07-18 00:27:51+00:00,btc_mxn,1134020.0,1134110.0,0.008
2024-07-18 00:27:53+00:00,btc_mxn,1134020.0,1134110.0,0.008
2024-07-18 00:27:54+00:00,btc_mxn,1134020.0,1134110.0,0.008
2024-07-18 00:27:55+00:00,btc_mxn,1134090.0,1134110.0,0.002
2024-07-18 00:27:56+00:00,btc_mxn,1134100.0,1134110.0,0.001
2024-07-18 00:27:57+00:00,btc_mxn,1134100.0,1134110.0,0.001
2024-07-18 00:27:58+00:00,btc_mxn,1134190.0,1135230.0,0.092
2024-07-18 00:27:59+00:00,btc_mxn,1134190.0,1135230.0,0.092
2024-07-18 00:28:00+00:00,btc_mxn,1134250.0,1135230.0,0.086
2024-07-18 00:28:01+00:00,btc_mxn,1134290.0,1135230.0,0.083
2024-07-18 00:28:02+00:00,btc_mxn,1134310.0,1135230.0,0.081
2024-07-18 00:28:03+00:00,btc_mxn,1134350.0,1135230.0,0.078
2024-07-18 00:28:04+00:00,btc_mxn,1134350.0,1135230.0,0.078
2024-07-18 00:28:05+00:00,btc_mxn,1134350.0,1135230.0,0.078
2024-07-18 00:28:06+00:00,btc_mxn,1134350.0,1135230.0,0.078
2024-07-18 00:28:07+00:00,btc_mxn,1134350.0,1135230.0,0.078
2024-07-18 00:28:08+00:00,btc_mxn,1134350.0,1135230.0,0.078
2024-07-18 00:28:09+00:00,btc_mxn,1134350.0,1135230.0,0.078
2024-07-18 00:28:10+00:00,btc_mxn,1134350.0,1135230.0,0.078
2024-07-18 00:28:11+00:00,btc_mxn,1134350.0,1135230.0,0.078
2024-07-18 00:28:12+00:00,btc_mxn,1134350.0,1135230.0,0.078
2024-07-18 00:28:13+00:00,btc_mxn,1134350.0,1135230.0,0.078
2024-07-18 00:28:14+00:00,btc_mxn,1134350.0,1135230.0,0.078
2024-07-18 00:28:15+00:00,btc_mxn,1134350.0,1135230.0,0.078
2024-07-18 00:28:16+00:00,btc_mxn,1134350.0,1135230.0,0.078
2024-07-18 00:28:17+00:00,btc_mxn,1134350.0,1135230.0,0.078
2024-07-18 00:28:18+00:00,btc_mxn,1134350.0,1135230.0,0.078
2024-07-18 00:28:19+00:00,btc_mxn,1134350.0,1135230.0,0.078
2024-07-18 00:28:20+00:00,btc_mxn,1134350.0,1135230.0,0.078
2024-07-18 00:28:21+00:00,btc_mxn,1134350.0,1135230.0,0.078
2024-07-18 00:28:22+00:00,btc_mxn,1134350.0,1135230.0,0.078
2024-07-18 00:28:23+00:00,btc_mxn,1134350.0,1135230.0,0.078
2024-07-18 00:28:24+00:00,btc_mxn,1134350.0,1135230.0,0.078
2024-07-18 00:28:25+00:00,btc_mxn,1134350.0,1135230.0,0.078
2024-07-18 00:28:26+00:00,btc_mxn,1134350.0,1135230.0,0.078
2024-07-18 00:28:27+00:00,btc_mxn,1134350.0,1135230.0,0.078
2024-07-18 00:28:28+00:00,btc_mxn,1134350.0,1135230.0,0.078
2024-07-18 00:28:30+00:00,btc_mxn,1134350.0,1135230.0,0.078
2024-07-18 00:28:31+00:00,btc_mxn,1134350.0,1135230.0,0.078
2024-07-18 00:28:31+00:00,btc_mxn,1134350.0,1135230.0,0.078
2024-07-18 00:28:32+00:00,btc_mxn,1134350.0,1135230.0,0.078
2024-07-18 00:28:33+00:00,btc_mxn,1134350.0,1135230.0,0.078
2024-07-18 00:28:34+00:00,btc_mxn,1134350.0,1135230.0,0.078
2024-07-18 00:28:35+00:00,btc_mxn,1134350.0,1135230.0,0.078
2024-07-18 00:28:36+00:00,btc_mxn,1134350.0,1135230.0,0.078
2024-07-18 00:28:37+00:00,btc_mxn,1134900.0,1135230.0,0.029
2024-07-18 00:28:38+00:00,btc_mxn,1134920.0,1135230.0,0.027
2024-07-18 00:28:39+00:00,btc_mxn,1134940.0,1135230.0,0.026
2024-07-18 00:28:40+00:00,btc_mxn,1134940.0,1135230.0,0.026
2024-07-18 00:28:41+00:00,btc_mxn,1134940.0,1135230.0,0.026
2024-07-18 00:28:43+00:00,btc_mxn,1134940.0,1135230.0,0.026
2024-07-18 00:28:44+00:00,btc_mxn,1134940.0,1135230.0,0.026
2024-07-18 00:28:45+00:00,btc_mxn,1134940.0,1135230.0,0.026
2024-07-18 00:28:46+00:00,btc_mxn,1134940.0,1135230.0,0.026
2024-07-18 00:28:47+00:00,btc_mxn,1134940.0,1135230.0,0.026
2024-07-18 00:28:48+00:00,btc_mxn,1134940.0,1136770.0,0.161
2024-07-18 00:28:49+00:00,btc_mxn,1134940.0,1136770.0,0.161
2024-07-18 00:28:50+00:00,btc_mxn,1134940.0,1136770.0,0.161
2024-07-18 00:28:51+00:00,btc_mxn,1134940.0,1136770.0,0.161
2024-07-18 00:28:52+00:00,btc_mxn,1134940.0,1136770.0,0.161
2024-07-18 00:28:53+00:00,btc_mxn,1134970.0,1136770.0,0.158
2024-07-18 00:28:54+00:00,btc_mxn,1134970.0,1136770.0,0.158
2024-07-18 00:28:55+00:00,btc_mxn,1134970.0,1136770.0,0.158
2024-07-18 00:28:56+00:00,btc_mxn,1134970.0,1136770.0,0.158
2024-07-18 00:28:57+00:00,btc_mxn,1134970.0,1136770.0,0.158
2024-07-18 00:28:58+00:00,btc_mxn,1134970.0,1136770.0,0.158
2024-07-18 00:28:59+00:00,btc_mxn,1134970.0,1136770.0,0.158
2024-07-18 00:29:00+00:00,btc_mxn,1134920.0,1136770.0,0.163
2024-07-18 00:29:01+00:00,btc_mxn,1134920.0,1136770.0,0.163
2024-07-18 00:29:02+00:00,btc_mxn,1134920.0,1136770.0,0.163
2024-07-18 00:29:03+00:00,btc_mxn,1134920.0,1136770.0,0.163
2024-07-18 00:29:04+00:00,btc_mxn,1134920.0,1136770.0,0.163
2024-07-18 00:29:05+00:00,btc_mxn,1134920.0,1136770.0,0.163
2024-07-18 00:29:06+00:00,btc_mxn,1134920.0,1136770.0,0.163
2024-07-18 00:29:07+00:00,btc_mxn,1134920.0,1136770.0,0.163
2024-07-18 00:29:08+00:00,btc_mxn,1134920.0,1136770.0,0.163
2024-07-18 00:29:09+00:00,btc_mxn,1134920.0,1136770.0,0.163
2024-07-18 00:29:10+00:00,btc_mxn,1134920.0,1136770.0,0.163
2024-07-18 00:29:11+00:00,btc_mxn,1134920.0,1136770.0,0.163
2024-07-18 00:29:12+00:00,btc_mxn,1134920.0,1136770.0,0.163
2024-07-18 00:29:13+00:00,btc_mxn,1134920.0,1136770.0,0.163
2024-07-18 00:29:14+00:00,btc_mxn,1134920.0,1136770.0,0.163
2024-07-18 00:29:15+00:00,btc_mxn,1134920.0,1136770.0,0.163
2024-07-18 00:29:16+00:00,btc_mxn,1134920.0,1136770.0,0.163
2024-07-18 00:29:17+00:00,btc_mxn,1134920.0,1136770.0,0.163
2024-07-18 00:29:18+00:00,btc_mxn,1134920.0,1136770.0,0.163
2024-07-18 00:29:19+00:00,btc_mxn,1134920.0,1136770.0,0.163
2024-07-18 00:29:20+00:00,btc_mxn,1134920.0,1136770.0,0.163
2024-07-18 00:29:21+00:00,btc_mxn,1134920.0,1136770.0,0.163
2024-07-18 00:29:22+00:00,btc_mxn,1134920.0,1136770.0,0.163
2024-07-18 00:29:23+00:00,btc_mxn,1134920.0,1136770.0,0.163
2024-07-18 00:29:24+00:00,btc_mxn,1134920.0,1136770.0,0.163
2024-07-18 00:29:25+00:00,btc_mxn,1134920.0,1136770.0,0.163
2024-07-18 00:29:26+00:00,btc_mxn,1134920.0,1136770.0,0.163
2024-07-18 00:29:27+00:00,btc_mxn,1134920.0,1136770.0,0.163
2024-07-18 00:29:28+00:00,btc_mxn,1134920.0,1136770.0,0.163
2024-07-18 00:29:29+00:00,btc_mxn,1134920.0,1136770.0,0.163
2024-07-18 00:29:30+00:00,btc_mxn,1134920.0,1136770.0,0.163
2024-07-18 00:29:31+00:00,btc_mxn,1134920.0,1136770.0,0.163
2024-07-18 00:29:32+00:00,btc_mxn,1134920.0,1136770.0,0.163
2024-07-18 00:29:33+00:00,btc_mxn,1134920.0,1136770.0,0.163
2024-07-18 00:29:34+00:00,btc_mxn,1134920.0,1136770.0,0.163
2024-07-18 00:29:35+00:00,btc_mxn,1134920.0,1136770.0,0.163
2024-07-18 00:29:36+00:00,btc_mxn,1134920.0,1136770.0,0.163
2024-07-18 00:29:37+00:00,btc_mxn,1134920.0,1136770.0,0.163
2024-07-18 00:29:38+00:00,btc_mxn,1134920.0,1136770.0,0.163
2024-07-18 00:29:39+00:00,btc_mxn,1134920.0,1136770.0,0.163
2024-07-18 00:29:40+00:00,btc_mxn,1134920.0,1136770.0,0.163
2024-07-18 00:29:41+00:00,btc_mxn,1134920.0,1136770.0,0.163
2024-07-18 00:29:42+00:00,btc_mxn,1134920.0,1136770.0,0.163
2024-07-18 00:29:43+00:00,btc_mxn,1134920.0,1136770.0,0.163
2024-07-18 00:29:45+00:00,btc_mxn,1134920.0,1136770.0,0.163
2024-07-18 00:29:46+00:00,btc_mxn,1134920.0,1136770.0,0.163
2024-07-18 00:29:47+00:00,btc_mxn,1134920.0,1136770.0,0.163
2024-07-18 00:29:48+00:00,btc_mxn,1134920.0,1136770.0,0.163
2024-07-18 00:29:49+00:00,btc_mxn,1134920.0,1136770.0,0.163
2024-07-18 00:29:51+00:00,btc_mxn,1134920.0,1136770.0,0.163
2024-07-18 00:29:52+00:00,btc_mxn,1134920.0,1136770.0,0.163
2024-07-18 00:29:53+00:00,btc_mxn,1134920.0,1136770.0,0.163
2024-07-18 00:29:54+00:00,btc_mxn,1135280.0,1136770.0,0.131
2024-07-18 00:29:55+00:00,btc_mxn,1135280.0,1136770.0,0.131
2024-07-18 00:29:56+00:00,btc_mxn,1135280.0,1136770.0,0.131
2024-07-18 00:29:58+00:00,btc_mxn,1135280.0,1136770.0,0.131
2024-07-18 00:29:58+00:00,btc_mxn,1135280.0,1136770.0,0.131
2024-07-18 00:29:59+00:00,btc_mxn,1135280.0,1136770.0,0.131
2024-07-18 00:30:00+00:00,btc_mxn,1135280.0,1136770.0,0.131
2024-07-18 00:30:01+00:00,btc_mxn,1135280.0,1136770.0,0.131
2024-07-18 00:30:02+00:00,btc_mxn,1135280.0,1136770.0,0.131
2024-07-18 00:30:03+00:00,btc_mxn,1135280.0,1136770.0,0.131
2024-07-18 00:30:04+00:00,btc_mxn,1135280.0,1136770.0,0.131
2024-07-18 00:30:05+00:00,btc_mxn,1135280.0,1136770.0,0.131
2024-07-18 00:30:06+00:00,btc_mxn,1135280.0,1136770.0,0.131
2024-07-18 00:30:07+00:00,btc_mxn,1135280.0,1136770.0,0.131
2024-07-18 00:30:08+00:00,btc_mxn,1135280.0,1136770.0,0.131
2024-07-18 00:30:09+00:00,btc_mxn,1135280.0,1136770.0,0.131
2024-07-18 00:30:10+00:00,btc_mxn,1135280.0,1136770.0,0.131
2024-07-18 00:30:11+00:00,btc_mxn,1135280.0,1136770.0,0.131
2024-07-18 00:30:12+00:00,btc_mxn,1135280.0,1136770.0,0.131
2024-07-18 00:30:13+00:00,btc_mxn,1135280.0,1136770.0,0.131
2024-07-18 00:30:14+00:00,btc_mxn,1135280.0,1136770.0,0.131
2024-07-18 00:30:15+00:00,btc_mxn,1135280.0,1136770.0,0.131
2024-07-18 00:30:16+00:00,btc_mxn,1135280.0,1136770.0,0.131
2024-07-18 00:30:17+00:00,btc_mxn,1135280.0,1136770.0,0.131
2024-07-18 00:30:18+00:00,btc_mxn,1135280.0,1136770.0,0.131
2024-07-18 00:30:19+00:00,btc_mxn,1135280.0,1136770.0,0.131
2024-07-18 00:30:20+00:00,btc_mxn,1135280.0,1136770.0,0.131
2024-07-18 00:30:21+00:00,btc_mxn,1135280.0,1136770.0,0.131
2024-07-18 00:30:22+00:00,btc_mxn,1135280.0,1136770.0,0.131
2024-07-18 00:30:23+00:00,btc_mxn,1135280.0,1136770.0,0.131
2024-07-18 00:30:24+00:00,btc_mxn,1135280.0,1136770.0,0.131
2024-07-18 00:30:25+00:00,btc_mxn,1135280.0,1136770.0,0.131
2024-07-18 00:30:26+00:00,btc_mxn,1135280.0,1136770.0,0.131
2024-07-18 00:30:28+00:00,btc_mxn,1135280.0,1136770.0,0.131
2024-07-18 00:30:29+00:00,btc_mxn,1135280.0,1136770.0,0.131
2024-07-18 00:30:30+00:00,btc_mxn,1135280.0,1136770.0,0.131
2024-07-18 00:30:31+00:00,btc_mxn,1135280.0,1136770.0,0.131
2024-07-18 00:30:32+00:00,btc_mxn,1135280.0,1136770.0,0.131
2024-07-18 00:30:33+00:00,btc_mxn,1135280.0,1136770.0,0.131
2024-07-18 00:30:34+00:00,btc_mxn,1135280.0,1136770.0,0.131
2024-07-18 00:30:35+00:00,btc_mxn,1135280.0,1136770.0,0.131
2024-07-18 00:30:36+00:00,btc_mxn,1135500.0,1136770.0,0.112
2024-07-18 00:30:37+00:00,btc_mxn,1135740.0,1136770.0,0.091
2024-07-18 00:30:38+00:00,btc_mxn,1135740.0,1136770.0,0.091
2024-07-18 00:30:39+00:00,btc_mxn,1135780.0,1136770.0,0.087
2024-07-18 00:30:40+00:00,btc_mxn,1135780.0,1136770.0,0.087
2024-07-18 00:30:41+00:00,btc_mxn,1135780.0,1136770.0,0.087
2024-07-18 00:30:42+00:00,btc_mxn,1135780.0,1136770.0,0.087
2024-07-18 00:30:43+00:00,btc_mxn,1135780.0,1136770.0,0.087
2024-07-18 00:30:44+00:00,btc_mxn,1135780.0,1136770.0,0.087
2024-07-18 00:30:45+00:00,btc_mxn,1135439.98,1135440.02,0.0
2024-07-18 00:30:46+00:00,btc_mxn,1135439.98,1135440.02,0.0
2024-07-18 00:30:47+00:00,btc_mxn,1135439.98,1135440.02,0.0
2024-07-18 00:30:48+00:00,btc_mxn,1135439.98,1135440.02,0.0
2024-07-18 00:30:49+00:00,btc_mxn,1135439.98,1135440.02,0.0
2024-07-18 00:30:50+00:00,btc_mxn,1135439.98,1135440.02,0.0
2024-07-18 00:30:51+00:00,btc_mxn,1135439.98,1135440.02,0.0
2024-07-18 00:30:52+00:00,btc_mxn,1135439.98,1135440.02,0.0
2024-07-18 00:30:53+00:00,btc_mxn,1135439.98,1135440.02,0.0
2024-07-18 00:30:54+00:00,btc_mxn,1135439.98,1135440.02,0.0
2024-07-18 00:30:55+00:00,btc_mxn,1135439.98,1135440.02,0.0
2024-07-18 00:30:56+00:00,btc_mxn,1135439.98,1135440.02,0.0
2024-07-18 00:30:57+00:00,btc_mxn,1135439.98,1135440.02,0.0
2024-07-18 00:30:58+00:00,btc_mxn,1135439.98,1135440.02,0.0
2024-07-18 00:30:59+00:00,btc_mxn,1135439.98,1135440.02,0.0
2024-07-18 00:31:00+00:00,btc_mxn,1135439.98,1135440.02,0.0
2024-07-18 00:31:01+00:00,btc_mxn,1135439.98,1135440.02,0.0
2024-07-18 00:31:02+00:00,btc_mxn,1135439.98,1135440.02,0.0
2024-07-18 00:31:03+00:00,btc_mxn,1135439.98,1135440.02,0.0
2024-07-18 00:31:04+00:00,btc_mxn,1135439.98,1135440.02,0.0
2024-07-18 00:31:05+00:00,btc_mxn,1135439.98,1135440.02,0.0
2024-07-18 00:31:06+00:00,btc_mxn,1135439.98,1135440.02,0.0
2024-07-18 00:31:07+00:00,btc_mxn,1135439.98,1135440.02,0.0
2024-07-18 00:31:08+00:00,btc_mxn,1135439.98,1135440.02,0.0
2024-07-18 00:31:09+00:00,btc_mxn,1135439.98,1135440.02,0.0
2024-07-18 00:31:10+00:00,btc_mxn,1135439.98,1135440.02,0.0
2024-07-18 00:31:11+00:00,btc_mxn,1135439.98,1135440.02,0.0
2024-07-18 00:31:12+00:00,btc_mxn,1135439.98,1135440.02,0.0
2024-07-18 00:31:13+00:00,btc_mxn,1135439.98,1135440.02,0.0
2024-07-18 00:31:14+00:00,btc_mxn,1135439.98,1135440.02,0.0
2024-07-18 00:31:15+00:00,btc_mxn,1135439.98,1135440.02,0.0
2024-07-18 00:31:16+00:00,btc_mxn,1135439.98,1135440.02,0.0
2024-07-18 00:31:17+00:00,btc_mxn,1135439.98,1135440.02,0.0
2024-07-18 00:31:18+00:00,btc_mxn,1135439.98,1135440.02,0.0
2024-07-18 00:31:19+00:00,btc_mxn,1135439.98,1135440.02,0.0
2024-07-18 00:31:20+00:00,btc_mxn,1135439.98,1135440.02,0.0
2024-07-18 00:31:21+00:00,btc_mxn,1135439.98,1135440.02,0.0
2024-07-18 00:31:22+00:00,btc_mxn,1135439.98,1135440.02,0.0
2024-07-18 00:31:23+00:00,btc_mxn,1135439.98,1135440.02,0.0
2024-07-18 00:31:24+00:00,btc_mxn,1135439.98,1135440.02,0.0
2024-07-18 00:31:25+00:00,btc_mxn,1135439.98,1135440.02,0.0
2024-07-18 00:31:26+00:00,btc_mxn,1135439.98,1135440.02,0.0
2024-07-18 00:31:27+00:00,btc_mxn,1135439.98,1135440.02,0.0
2024-07-18 00:31:28+00:00,btc_mxn,1135439.98,1135440.02,0.0
2024-07-18 00:31:29+00:00,btc_mxn,1135439.98,1135440.02,0.0
2024-07-18 00:31:30+00:00,btc_mxn,1135439.98,1135440.02,0.0
2024-07-18 00:31:31+00:00,btc_mxn,1135439.98,1135440.02,0.0
2024-07-18 00:31:32+00:00,btc_mxn,1135439.98,1135440.02,0.0
2024-07-18 00:31:33+00:00,btc_mxn,1135439.98,1135440.02,0.0
2024-07-18 00:31:35+00:00,btc_mxn,1135439.98,1135440.02,0.0
2024-07-18 00:31:36+00:00,btc_mxn,1135439.98,1135440.02,0.0
2024-07-18 00:31:37+00:00,btc_mxn,1135439.98,1135440.02,0.0
2024-07-18 00:31:38+00:00,btc_mxn,1135439.98,1135440.02,0.0
2024-07-18 00:31:39+00:00,btc_mxn,1135439.98,1135440.02,0.0
2024-07-18 00:31:40+00:00,btc_mxn,1135439.98,1135440.02,0.0
2024-07-18 00:31:41+00:00,btc_mxn,1135439.98,1135440.02,0.0
2024-07-18 00:31:42+00:00,btc_mxn,1135439.98,1135440.02,0.0
2024-07-18 00:31:43+00:00,btc_mxn,1135439.98,1135440.02,0.0
2024-07-18 00:31:44+00:00,btc_mxn,1135439.98,1135440.02,0.0
2024-07-18 00:31:45+00:00,btc_mxn,1135439.98,1135440.02,0.0
2024-07-18 00:31:46+00:00,btc_mxn,1135439.98,1135440.02,0.0
2024-07-18 00:31:47+00:00,btc_mxn,1135439.98,1135440.02,0.0
2024-07-18 00:31:48+00:00,btc_mxn,1135439.98,1135440.02,0.0
2024-07-18 00:31:49+00:00,btc_mxn,1135439.98,1135440.02,0.0
2024-07-18 00:31:50+00:00,btc_mxn,1135439.98,1135440.02,0.0
2024-07-18 00:31:51+00:00,btc_mxn,1135439.98,1135440.02,0.0
2024-07-18 00:31:52+00:00,btc_mxn,1135439.98,1135440.02,0.0
2024-07-18 00:31:53+00:00,btc_mxn,1135439.98,1136770.0,0.117
2024-07-18 00:31:54+00:00,btc_mxn,1135439.98,1137440.0,0.176
2024-07-18 00:31:55+00:00,btc_mxn,1135439.98,1137440.0,0.176
2024-07-18 00:31:56+00:00,btc_mxn,1137000.0,1137440.0,0.039
2024-07-18 00:31:57+00:00,btc_mxn,1137000.0,1137510.0,0.045
2024-07-18 00:31:58+00:00,btc_mxn,1137000.0,1137510.0,0.045
2024-07-18 00:31:59+00:00,btc_mxn,1137000.0,1137510.0,0.045
2024-07-18 00:32:00+00:00,btc_mxn,1137000.0,1137510.0,0.045
2024-07-18 00:32:01+00:00,btc_mxn,1137000.0,1137510.0,0.045
2024-07-18 00:32:02+00:00,btc_mxn,1137000.0,1137510.0,0.045
2024-07-18 00:32:04+00:00,btc_mxn,1137000.0,1137510.0,0.045
2024-07-18 00:32:05+00:00,btc_mxn,1137000.0,1137510.0,0.045
2024-07-18 00:32:06+00:00,btc_mxn,1137000.0,1137510.0,0.045
2024-07-18 00:32:07+00:00,btc_mxn,1137000.0,1137510.0,0.045
2024-07-18 00:32:08+00:00,btc_mxn,1137000.0,1137510.0,0.045
2024-07-18 00:32:09+00:00,btc_mxn,1137000.0,1137510.0,0.045
2024-07-18 00:32:10+00:00,btc_mxn,1137000.0,1137510.0,0.045
2024-07-18 00:32:11+00:00,btc_mxn,1137000.0,1137510.0,0.045
2024-07-18 00:32:12+00:00,btc_mxn,1137000.0,1137510.0,0.045
2024-07-18 00:32:13+00:00,btc_mxn,1137000.0,1137510.0,0.045
2024-07-18 00:32:14+00:00,btc_mxn,1137000.0,1137510.0,0.045
2024-07-18 00:32:15+00:00,btc_mxn,1137000.0,1137510.0,0.045
2024-07-18 00:32:16+00:00,btc_mxn,1137000.0,1137510.0,0.045
2024-07-18 00:32:17+00:00,btc_mxn,1137000.0,1137510.0,0.045
2024-07-18 00:32:18+00:00,btc_mxn,1137000.0,1137510.0,0.045
2024-07-18 00:32:19+00:00,btc_mxn,1137000.0,1137510.0,0.045
2024-07-18 00:32:20+00:00,btc_mxn,1137000.0,1137510.0,0.045
2024-07-18 00:32:21+00:00,btc_mxn,1137000.0,1137510.0,0.045
2024-07-18 00:32:22+00:00,btc_mxn,1137000.0,1137510.0,0.045
2024-07-18 00:32:23+00:00,btc_mxn,1137000.0,1137510.0,0.045
2024-07-18 00:32:25+00:00,btc_mxn,1137000.0,1137510.0,0.045
2024-07-18 00:32:26+00:00,btc_mxn,1137000.0,1137510.0,0.045
2024-07-18 00:32:27+00:00,btc_mxn,1137000.0,1137510.0,0.045
2024-07-18 00:32:28+00:00,btc_mxn,1137000.0,1137510.0,0.045
2024-07-18 00:32:30+00:00,btc_mxn,1137000.0,1137510.0,0.045
2024-07-18 00:32:31+00:00,btc_mxn,1137000.0,1137510.0,0.045
2024-07-18 00:32:32+00:00,btc_mxn,1137000.0,1137510.0,0.045
2024-07-18 00:32:33+00:00,btc_mxn,1137000.0,1137510.0,0.045
2024-07-18 00:32:34+00:00,btc_mxn,1137000.0,1137510.0,0.045
2024-07-18 00:32:35+00:00,btc_mxn,1137000.0,1137510.0,0.045
2024-07-18 00:32:36+00:00,btc_mxn,1137000.0,1137510.0,0.045
2024-07-18 00:32:37+00:00,btc_mxn,1137000.0,1137510.0,0.045
2024-07-18 00:32:38+00:00,btc_mxn,1137000.0,1137510.0,0.045
2024-07-18 00:32:39+00:00,btc_mxn,1137000.0,1137510.0,0.045
2024-07-18 00:32:40+00:00,btc_mxn,1137000.0,1137510.0,0.045
2024-07-18 00:32:41+00:00,btc_mxn,1137000.0,1137510.0,0.045
2024-07-18 00:32:42+00:00,btc_mxn,1137000.0,1137510.0,0.045
2024-07-18 00:32:43+00:00,btc_mxn,1137250.0,1137510.0,0.023
2024-07-18 00:32:44+00:00,btc_mxn,1137250.0,1137510.0,0.023
2024-07-18 00:32:45+00:00,btc_mxn,1137250.0,1137510.0,0.023
2024-07-18 00:32:46+00:00,btc_mxn,1137250.0,1137510.0,0.023
2024-07-18 00:32:47+00:00,btc_mxn,1137250.0,1137510.0,0.023
2024-07-18 00:32:48+00:00,btc_mxn,1137250.0,1137510.0,0.023
2024-07-18 00:32:49+00:00,btc_mxn,1137250.0,1137510.0,0.023
2024-07-18 00:32:50+00:00,btc_mxn,1137250.0,1137510.0,0.023
2024-07-18 00:32:51+00:00,btc_mxn,1137250.0,1137510.0,0.023
2024-07-18 00:32:52+00:00,btc_mxn,1137250.0,1137510.0,0.023
2024-07-18 00:32:53+00:00,btc_mxn,1137250.0,1137510.0,0.023
2024-07-18 00:32:54+00:00,btc_mxn,1137250.0,1137510.0,0.023
2024-07-18 00:32:55+00:00,btc_mxn,1137250.0,1137510.0,0.023
2024-07-18 00:32:56+00:00,btc_mxn,1137250.0,1137510.0,0.023
2024-07-18 00:32:57+00:00,btc_mxn,1137250.0,1137510.0,0.023
2024-07-18 00:32:58+00:00,btc_mxn,1137250.0,1137510.0,0.023
2024-07-18 00:32:59+00:00,btc_mxn,1137250.0,1137510.0,0.023
2024-07-18 00:33:00+00:00,btc_mxn,1137250.0,1137510.0,0.023
2024-07-18 00:33:01+00:00,btc_mxn,1137250.0,1137510.0,0.023
2024-07-18 00:33:02+00:00,btc_mxn,1137250.0,1137510.0,0.023
2024-07-18 00:33:03+00:00,btc_mxn,1137250.0,1137510.0,0.023
2024-07-18 00:33:04+00:00,btc_mxn,1137250.0,1137510.0,0.023
2024-07-18 00:33:05+00:00,btc_mxn,1137250.0,1137510.0,0.023
2024-07-18 00:33:06+00:00,btc_mxn,1137250.0,1137510.0,0.023
2024-07-18 00:33:07+00:00,btc_mxn,1137250.0,1137510.0,0.023
2024-07-18 00:33:09+00:00,btc_mxn,1137250.0,1137510.0,0.023
2024-07-18 00:33:09+00:00,btc_mxn,1137250.0,1137510.0,0.023
2024-07-18 00:33:10+00:00,btc_mxn,1137250.0,1137510.0,0.023
2024-07-18 00:33:11+00:00,btc_mxn,1137250.0,1137510.0,0.023
2024-07-18 00:33:12+00:00,btc_mxn,1137250.0,1137510.0,0.023
2024-07-18 00:33:13+00:00,btc_mxn,1137250.0,1137510.0,0.023
2024-07-18 00:33:14+00:00,btc_mxn,1137250.0,1137510.0,0.023
2024-07-18 00:33:15+00:00,btc_mxn,1137250.0,1137510.0,0.023
2024-07-18 00:33:16+00:00,btc_mxn,1137250.0,1137510.0,0.023
2024-07-18 00:33:17+00:00,btc_mxn,1137250.0,1137510.0,0.023
2024-07-18 00:33:18+00:00,btc_mxn,1137250.0,1137510.0,0.023
2024-07-18 00:33:19+00:00,btc_mxn,1137250.0,1137510.0,0.023
2024-07-18 00:33:21+00:00,btc_mxn,1137250.0,1137510.0,0.023
2024-07-18 00:33:21+00:00,btc_mxn,1137250.0,1137510.0,0.023
2024-07-18 00:33:22+00:00,btc_mxn,1137250.0,1137510.0,0.023
2024-07-18 00:33:23+00:00,btc_mxn,1137250.0,1137510.0,0.023
2024-07-18 00:33:24+00:00,btc_mxn,1137250.0,1137510.0,0.023
2024-07-18 00:33:25+00:00,btc_mxn,1137250.0,1137510.0,0.023
2024-07-18 00:33:26+00:00,btc_mxn,1137250.0,1137510.0,0.023
2024-07-18 00:33:27+00:00,btc_mxn,1137250.0,1137510.0,0.023
2024-07-18 00:33:28+00:00,btc_mxn,1137250.0,1137510.0,0.023
2024-07-18 00:33:29+00:00,btc_mxn,1137250.0,1137510.0,0.023
2024-07-18 00:33:30+00:00,btc_mxn,1137250.0,1137510.0,0.023
2024-07-18 00:33:31+00:00,btc_mxn,1137250.0,1137510.0,0.023
2024-07-18 00:33:32+00:00,btc_mxn,1137250.0,1137510.0,0.023
2024-07-18 00:33:33+00:00,btc_mxn,1137250.0,1137510.0,0.023
2024-07-18 00:33:34+00:00,btc_mxn,1137250.0,1137510.0,0.023
2024-07-18 00:33:35+00:00,btc_mxn,1137250.0,1137510.0,0.023
2024-07-18 00:33:37+00:00,btc_mxn,1137250.0,1137510.0,0.023
2024-07-18 00:33:37+00:00,btc_mxn,1137250.0,1137510.0,0.023
2024-07-18 00:33:38+00:00,btc_mxn,1137250.0,1137510.0,0.023
2024-07-18 00:33:40+00:00,btc_mxn,1137250.0,1137510.0,0.023
2024-07-18 00:33:40+00:00,btc_mxn,1137250.0,1137510.0,0.023
2024-07-18 00:33:42+00:00,btc_mxn,1137250.0,1137510.0,0.023
2024-07-18 00:33:43+00:00,btc_mxn,1137250.0,1137510.0,0.023
2024-07-18 00:33:44+00:00,btc_mxn,1137250.0,1137510.0,0.023
2024-07-18 00:33:45+00:00,btc_mxn,1137250.0,1137510.0,0.023
2024-07-18 00:33:46+00:00,btc_mxn,1137250.0,1137510.0,0.023
2024-07-18 00:33:47+00:00,btc_mxn,1137250.0,1137510.0,0.023
2024-07-18 00:33:48+00:00,btc_mxn,1137250.0,1137510.0,0.023
2024-07-18 00:33:49+00:00,btc_mxn,1137250.0,1137510.0,0.023
2024-07-18 00:33:50+00:00,btc_mxn,1137250.0,1137510.0,0.023
2024-07-18 00:33:51+00:00,btc_mxn,1137250.0,1137510.0,0.023
2024-07-18 00:33:52+00:00,btc_mxn,1137250.0,1137510.0,0.023
2024-07-18 00:33:53+00:00,btc_mxn,1137250.0,1137510.0,0.023
2024-07-18 00:33:54+00:00,btc_mxn,1137250.0,1137510.0,0.023
2024-07-18 00:33:55+00:00,btc_mxn,1137250.0,1137510.0,0.023
2024-07-18 00:33:56+00:00,btc_mxn,1137250.0,1137510.0,0.023
2024-07-18 00:33:57+00:00,btc_mxn,1137250.0,1137510.0,0.023
2024-07-18 00:33:58+00:00,btc_mxn,1137250.0,1137510.0,0.023
2024-07-18 00:33:59+00:00,btc_mxn,1137250.0,1137510.0,0.023
2024-07-18 00:34:00+00:00,btc_mxn,1137250.0,1137510.0,0.023
2024-07-18 00:34:01+00:00,btc_mxn,1137250.0,1137510.0,0.023
2024-07-18 00:34:02+00:00,btc_mxn,1137250.0,1137510.0,0.023
2024-07-18 00:34:03+00:00,btc_mxn,1137250.0,1137510.0,0.023
2024-07-18 00:34:04+00:00,btc_mxn,1137250.0,1137510.0,0.023
2024-07-18 00:34:05+00:00,btc_mxn,1137250.0,1137510.0,0.023
2024-07-18 00:34:06+00:00,btc_mxn,1137250.0,1137510.0,0.023
2024-07-18 00:34:07+00:00,btc_mxn,1137250.0,1137510.0,0.023
2024-07-18 00:34:08+00:00,btc_mxn,1137250.0,1137510.0,0.023
2024-07-18 00:34:09+00:00,btc_mxn,1137250.0,1137510.0,0.023
2024-07-18 00:34:10+00:00,btc_mxn,1137250.0,1137510.0,0.023
2024-07-18 00:34:11+00:00,btc_mxn,1137250.0,1137510.0,0.023
2024-07-18 00:34:12+00:00,btc_mxn,1137250.0,1137510.0,0.023
2024-07-18 00:34:13+00:00,btc_mxn,1137250.0,1137510.0,0.023
2024-07-18 00:34:14+00:00,btc_mxn,1137250.0,1137510.0,0.023
2024-07-18 00:34:15+00:00,btc_mxn,1137250.0,1137510.0,0.023
2024-07-18 00:34:16+00:00,btc_mxn,1137250.0,1137510.0,0.023
2024-07-18 00:34:17+00:00,btc_mxn,1137250.0,1137510.0,0.023
2024-07-18 00:34:18+00:00,btc_mxn,1137250.0,1137510.0,0.023
2024-07-18 00:34:19+00:00,btc_mxn,1137250.0,1137510.0,0.023
2024-07-18 00:34:20+00:00,btc_mxn,1137250.0,1137510.0,0.023
2024-07-18 00:34:21+00:00,btc_mxn,1137250.0,1137510.0,0.023
2024-07-18 00:34:22+00:00,btc_mxn,1137250.0,1137510.0,0.023
2024-07-18 00:34:23+00:00,btc_mxn,1137250.0,1137510.0,0.023
2024-07-18 00:34:24+00:00,btc_mxn,1137250.0,1137510.0,0.023
2024-07-18 00:34:25+00:00,btc_mxn,1137250.0,1137510.0,0.023
2024-07-18 00:34:26+00:00,btc_mxn,1137250.0,1137510.0,0.023
2024-07-18 00:34:27+00:00,btc_mxn,1137250.0,1137510.0,0.023
2024-07-18 00:34:28+00:00,btc_mxn,1137250.0,1137510.0,0.023
2024-07-18 00:34:29+00:00,btc_mxn,1137250.0,1137510.0,0.023
2024-07-18 00:34:30+00:00,btc_mxn,1137250.0,1137510.0,0.023
2024-07-18 00:34:31+00:00,btc_mxn,1137250.0,1137510.0,0.023
2024-07-18 00:34:33+00:00,btc_mxn,1137250.0,1137510.0,0.023
2024-07-18 00:34:34+00:00,btc_mxn,1137250.0,1137510.0,0.023
2024-07-18 00:34:35+00:00,btc_mxn,1137250.0,1137510.0,0.023
2024-07-18 00:34:36+00:00,btc_mxn,1137250.0,1137510.0,0.023
2024-07-18 00:34:37+00:00,btc_mxn,1137250.0,1137580.0,0.029
2024-07-18 00:34:38+00:00,btc_mxn,1137250.0,1137580.0,0.029
2024-07-18 00:34:39+00:00,btc_mxn,1137250.0,1137580.0,0.029
2024-07-18 00:34:40+00:00,btc_mxn,1137250.0,1137580.0,0.029
2024-07-18 00:34:41+00:00,btc_mxn,1137250.0,1137580.0,0.029
2024-07-18 00:34:42+00:00,btc_mxn,1137250.0,1137580.0,0.029
2024-07-18 00:34:43+00:00,btc_mxn,1137250.0,1137580.0,0.029
2024-07-18 00:34:44+00:00,btc_mxn,1137250.0,1137580.0,0.029
2024-07-18 00:34:45+00:00,btc_mxn,1137250.0,1137580.0,0.029
2024-07-18 00:34:46+00:00,btc_mxn,1137250.0,1137580.0,0.029
2024-07-18 00:34:47+00:00,btc_mxn,1137250.0,1137580.0,0.029
2024-07-18 00:34:48+00:00,btc_mxn,1138270.0,1138370.0,0.009
2024-07-18 00:34:49+00:00,btc_mxn,1138270.0,1138370.0,0.009
2024-07-18 00:34:50+00:00,btc_mxn,1138270.0,1138370.0,0.009
2024-07-18 00:34:51+00:00,btc_mxn,1138270.0,1138370.0,0.009
2024-07-18 00:34:52+00:00,btc_mxn,1138270.0,1138370.0,0.009
2024-07-18 00:34:53+00:00,btc_mxn,1138270.0,1138370.0,0.009
2024-07-18 00:34:54+00:00,btc_mxn,1138270.0,1138370.0,0.009
2024-07-18 00:34:55+00:00,btc_mxn,1137250.0,1138370.0,0.098
2024-07-18 00:34:56+00:00,btc_mxn,1137250.0,1138370.0,0.098
2024-07-18 00:34:57+00:00,btc_mxn,1137250.0,1138370.0,0.098
2024-07-18 00:34:58+00:00,btc_mxn,1137250.0,1138370.0,0.098
2024-07-18 00:34:59+00:00,btc_mxn,1137250.0,1138370.0,0.098
2024-07-18 00:35:01+00:00,btc_mxn,1137250.0,1138370.0,0.098
2024-07-18 00:35:01+00:00,btc_mxn,1137250.0,1138370.0,0.098
2024-07-18 00:35:02+00:00,btc_mxn,1137250.0,1138370.0,0.098
2024-07-18 00:35:04+00:00,btc_mxn,1137250.0,1138370.0,0.098
2024-07-18 00:35:05+00:00,btc_mxn,1137250.0,1138370.0,0.098
2024-07-18 00:35:06+00:00,btc_mxn,1137250.0,1138370.0,0.098
2024-07-18 00:35:07+00:00,btc_mxn,1137250.0,1138370.0,0.098
2024-07-18 00:35:08+00:00,btc_mxn,1137250.0,1138370.0,0.098
2024-07-18 00:35:09+00:00,btc_mxn,1137250.0,1138370.0,0.098
2024-07-18 00:35:10+00:00,btc_mxn,1137250.0,1138370.0,0.098
2024-07-18 00:35:11+00:00,btc_mxn,1137250.0,1138370.0,0.098
2024-07-18 00:35:12+00:00,btc_mxn,1137250.0,1138370.0,0.098
2024-07-18 00:35:13+00:00,btc_mxn,1137250.0,1138370.0,0.098
2024-07-18 00:35:14+00:00,btc_mxn,1137250.0,1138370.0,0.098
2024-07-18 00:35:16+00:00,btc_mxn,1137250.0,1138370.0,0.098
2024-07-18 00:35:16+00:00,btc_mxn,1137250.0,1138370.0,0.098
2024-07-18 00:35:17+00:00,btc_mxn,1137250.0,1138370.0,0.098
2024-07-18 00:35:18+00:00,btc_mxn,1137250.0,1138370.0,0.098
2024-07-18 00:35:19+00:00,btc_mxn,1137250.0,1138370.0,0.098
2024-07-18 00:35:20+00:00,btc_mxn,1137250.0,1138370.0,0.098
2024-07-18 00:35:21+00:00,btc_mxn,1137250.0,1138370.0,0.098
2024-07-18 00:35:22+00:00,btc_mxn,1137250.0,1138370.0,0.098
2024-07-18 00:35:23+00:00,btc_mxn,1137250.0,1138370.0,0.098
2024-07-18 00:35:24+00:00,btc_mxn,1137250.0,1138370.0,0.098
2024-07-18 00:35:25+00:00,btc_mxn,1137250.0,1138370.0,0.098
2024-07-18 00:35:26+00:00,btc_mxn,1137250.0,1138370.0,0.098
2024-07-18 00:35:27+00:00,btc_mxn,1137250.0,1138370.0,0.098
2024-07-18 00:35:28+00:00,btc_mxn,1137250.0,1138370.0,0.098
2024-07-18 00:35:29+00:00,btc_mxn,1137250.0,1138370.0,0.098
2024-07-18 00:35:30+00:00,btc_mxn,1137250.0,1138370.0,0.098
2024-07-18 00:35:31+00:00,btc_mxn,1137250.0,1138370.0,0.098
2024-07-18 00:35:32+00:00,btc_mxn,1137250.0,1138370.0,0.098
2024-07-18 00:35:33+00:00,btc_mxn,1137250.0,1138370.0,0.098
2024-07-18 00:35:34+00:00,btc_mxn,1137250.0,1138370.0,0.098
2024-07-18 00:35:35+00:00,btc_mxn,1137250.0,1138370.0,0.098
2024-07-18 00:35:36+00:00,btc_mxn,1137250.0,1138370.0,0.098
2024-07-18 00:35:37+00:00,btc_mxn,1137080.0,1138370.0,0.113
2024-07-18 00:35:38+00:00,btc_mxn,1137080.0,1138370.0,0.113
2024-07-18 00:35:39+00:00,btc_mxn,1137080.0,1138480.0,0.123
2024-07-18 00:35:40+00:00,btc_mxn,1137080.0,1138480.0,0.123
2024-07-18 00:35:41+00:00,btc_mxn,1135439.98,1138480.0,0.267
2024-07-18 00:35:42+00:00,btc_mxn,1135439.98,1138480.0,0.267
2024-07-18 00:35:43+00:00,btc_mxn,1137930.0,1138480.0,0.048
2024-07-18 00:35:44+00:00,btc_mxn,1137930.0,1138480.0,0.048
2024-07-18 00:35:45+00:00,btc_mxn,1137930.0,1139880.0,0.171
2024-07-18 00:35:46+00:00,btc_mxn,1137930.0,1139880.0,0.171
2024-07-18 00:35:47+00:00,btc_mxn,1137930.0,1139880.0,0.171
2024-07-18 00:35:48+00:00,btc_mxn,1137930.0,1139880.0,0.171
2024-07-18 00:35:49+00:00,btc_mxn,1138620.0,1139880.0,0.111
2024-07-18 00:35:50+00:00,btc_mxn,1138620.0,1139880.0,0.111
2024-07-18 00:35:51+00:00,btc_mxn,1138620.0,1139880.0,0.111
2024-07-18 00:35:53+00:00,btc_mxn,1138620.0,1139880.0,0.111
2024-07-18 00:35:53+00:00,btc_mxn,1138620.0,1139880.0,0.111
2024-07-18 00:35:54+00:00,btc_mxn,1138620.0,1139880.0,0.111
2024-07-18 00:35:55+00:00,btc_mxn,1138620.0,1139880.0,0.111
2024-07-18 00:35:57+00:00,btc_mxn,1138620.0,1139880.0,0.111
2024-07-18 00:35:58+00:00,btc_mxn,1138620.0,1139880.0,0.111
2024-07-18 00:35:59+00:00,btc_mxn,1138620.0,1139880.0,0.111
2024-07-18 00:36:00+00:00,btc_mxn,1138620.0,1139880.0,0.111
2024-07-18 00:36:01+00:00,btc_mxn,1138620.0,1139880.0,0.111
2024-07-18 00:36:02+00:00,btc_mxn,1138620.0,1139880.0,0.111
2024-07-18 00:36:03+00:00,btc_mxn,1138620.0,1139880.0,0.111
2024-07-18 00:36:04+00:00,btc_mxn,1138620.0,1139880.0,0.111
2024-07-18 00:36:05+00:00,btc_mxn,1138620.0,1139880.0,0.111
2024-07-18 00:36:06+00:00,btc_mxn,1138620.0,1139880.0,0.111
2024-07-18 00:36:07+00:00,btc_mxn,1138620.0,1139880.0,0.111
2024-07-18 00:36:09+00:00,btc_mxn,1138620.0,1139880.0,0.111
2024-07-18 00:36:10+00:00,btc_mxn,1138620.0,1139880.0,0.111
2024-07-18 00:36:11+00:00,btc_mxn,1138620.0,1139880.0,0.111
2024-07-18 00:36:12+00:00,btc_mxn,1138620.0,1139880.0,0.111
2024-07-18 00:36:13+00:00,btc_mxn,1138620.0,1139880.0,0.111
2024-07-18 00:36:14+00:00,btc_mxn,1138620.0,1139880.0,0.111
2024-07-18 00:36:15+00:00,btc_mxn,1138620.0,1139880.0,0.111
2024-07-18 00:36:16+00:00,btc_mxn,1138620.0,1139880.0,0.111
2024-07-18 00:36:17+00:00,btc_mxn,1138620.0,1139880.0,0.111
2024-07-18 00:36:18+00:00,btc_mxn,1138620.0,1139880.0,0.111
2024-07-18 00:36:19+00:00,btc_mxn,1138620.0,1139880.0,0.111
2024-07-18 00:36:20+00:00,btc_mxn,1138620.0,1139880.0,0.111
2024-07-18 00:36:21+00:00,btc_mxn,1138620.0,1139880.0,0.111
2024-07-18 00:36:22+00:00,btc_mxn,1138620.0,1139880.0,0.111
2024-07-18 00:36:23+00:00,btc_mxn,1138620.0,1139880.0,0.111
2024-07-18 00:36:24+00:00,btc_mxn,1138620.0,1139880.0,0.111
2024-07-18 00:36:25+00:00,btc_mxn,1138620.0,1139880.0,0.111
2024-07-18 00:36:26+00:00,btc_mxn,1138620.0,1139880.0,0.111
2024-07-18 00:36:27+00:00,btc_mxn,1138620.0,1139880.0,0.111
2024-07-18 00:36:28+00:00,btc_mxn,1138620.0,1139880.0,0.111
2024-07-18 00:36:29+00:00,btc_mxn,1138620.0,1139880.0,0.111
2024-07-18 00:36:30+00:00,btc_mxn,1138620.0,1139880.0,0.111
2024-07-18 00:36:31+00:00,btc_mxn,1138620.0,1139880.0,0.111
2024-07-18 00:36:32+00:00,btc_mxn,1138620.0,1139880.0,0.111
2024-07-18 00:36:33+00:00,btc_mxn,1138620.0,1139880.0,0.111
2024-07-18 00:36:34+00:00,btc_mxn,1138620.0,1139880.0,0.111
2024-07-18 00:36:35+00:00,btc_mxn,1138620.0,1139880.0,0.111
2024-07-18 00:36:36+00:00,btc_mxn,1138620.0,1139880.0,0.111
2024-07-18 00:36:37+00:00,btc_mxn,1138620.0,1139880.0,0.111
2024-07-18 00:36:38+00:00,btc_mxn,1138620.0,1139880.0,0.111
2024-07-18 00:36:39+00:00,btc_mxn,1138620.0,1139880.0,0.111
2024-07-18 00:36:40+00:00,btc_mxn,1138620.0,1139880.0,0.111
2024-07-18 00:36:41+00:00,btc_mxn,1138620.0,1139880.0,0.111
2024-07-18 00:36:42+00:00,btc_mxn,1138620.0,1139880.0,0.111
2024-07-18 00:36:43+00:00,btc_mxn,1138620.0,1139880.0,0.111
2024-07-18 00:36:44+00:00,btc_mxn,1138620.0,1139880.0,0.111
2024-07-18 00:36:45+00:00,btc_mxn,1138620.0,1139880.0,0.111
2024-07-18 00:36:46+00:00,btc_mxn,1138620.0,1139880.0,0.111
2024-07-18 00:36:47+00:00,btc_mxn,1138620.0,1139880.0,0.111
2024-07-18 00:36:48+00:00,btc_mxn,1138620.0,1139880.0,0.111
2024-07-18 00:36:49+00:00,btc_mxn,1138620.0,1139880.0,0.111
2024-07-18 00:36:50+00:00,btc_mxn,1138620.0,1139880.0,0.111
2024-07-18 00:36:51+00:00,btc_mxn,1138620.0,1139880.0,0.111
2024-07-18 00:36:53+00:00,btc_mxn,1138620.0,1139880.0,0.111
2024-07-18 00:36:54+00:00,btc_mxn,1138680.0,1139880.0,0.105
2024-07-18 00:36:55+00:00,btc_mxn,1138680.0,1139880.0,0.105
2024-07-18 00:36:56+00:00,btc_mxn,1138680.0,1139880.0,0.105
2024-07-18 00:36:57+00:00,btc_mxn,1138680.0,1139880.0,0.105
2024-07-18 00:36:58+00:00,btc_mxn,1138680.0,1139880.0,0.105
2024-07-18 00:36:59+00:00,btc_mxn,1138680.0,1139880.0,0.105
2024-07-18 00:37:00+00:00,btc_mxn,1138680.0,1139880.0,0.105
2024-07-18 00:37:01+00:00,btc_mxn,1138680.0,1139880.0,0.105
2024-07-18 00:37:02+00:00,btc_mxn,1138680.0,1139880.0,0.105
2024-07-18 00:37:03+00:00,btc_mxn,1138680.0,1139880.0,0.105
2024-07-18 00:37:04+00:00,btc_mxn,1138680.0,1139880.0,0.105
2024-07-18 00:37:05+00:00,btc_mxn,1138680.0,1139880.0,0.105
2024-07-18 00:37:06+00:00,btc_mxn,1138680.0,1139880.0,0.105
2024-07-18 00:37:07+00:00,btc_mxn,1138680.0,1139880.0,0.105
2024-07-18 00:37:08+00:00,btc_mxn,1138680.0,1139880.0,0.105
2024-07-18 00:37:09+00:00,btc_mxn,1138680.0,1139880.0,0.105
2024-07-18 00:37:10+00:00,btc_mxn,1138680.0,1139880.0,0.105
2024-07-18 00:37:11+00:00,btc_mxn,1138680.0,1139880.0,0.105
2024-07-18 00:37:12+00:00,btc_mxn,1138680.0,1139880.0,0.105
