orderbook_timestamp,book,bid,ask,spread
2024-07-18 13:31:30+00:00,btc_mxn,1153109.98,1153110.02,0.0
2024-07-18 13:31:31+00:00,btc_mxn,1153109.98,1153110.02,0.0
2024-07-18 13:31:32+00:00,btc_mxn,1153109.98,1153110.02,0.0
2024-07-18 13:31:33+00:00,btc_mxn,1153109.98,1153110.02,0.0
2024-07-18 13:31:34+00:00,btc_mxn,1153109.98,1153110.02,0.0
2024-07-18 13:31:35+00:00,btc_mxn,1153109.98,1153110.02,0.0
2024-07-18 13:31:36+00:00,btc_mxn,1153109.98,1153110.02,0.0
2024-07-18 13:31:37+00:00,btc_mxn,1153109.98,1153110.02,0.0
2024-07-18 13:31:38+00:00,btc_mxn,1153109.98,1153110.02,0.0
2024-07-18 13:31:39+00:00,btc_mxn,1153109.98,1153110.02,0.0
2024-07-18 13:31:40+00:00,btc_mxn,1153109.98,1153110.02,0.0
2024-07-18 13:31:41+00:00,btc_mxn,1153109.98,1153110.02,0.0
2024-07-18 13:31:42+00:00,btc_mxn,1153109.98,1153110.02,0.0
2024-07-18 13:31:44+00:00,btc_mxn,1153109.98,1153110.02,0.0
2024-07-18 13:31:44+00:00,btc_mxn,1153109.98,1153110.02,0.0
2024-07-18 13:31:45+00:00,btc_mxn,1153109.98,1153110.02,0.0
2024-07-18 13:31:46+00:00,btc_mxn,1153109.98,1153110.02,0.0
2024-07-18 13:31:47+00:00,btc_mxn,1153109.98,1153110.02,0.0
2024-07-18 13:31:49+00:00,btc_mxn,1153109.98,1153110.02,0.0
2024-07-18 13:31:50+00:00,btc_mxn,1153109.98,1153110.02,0.0
2024-07-18 13:31:51+00:00,btc_mxn,1153109.98,1153110.02,0.0
2024-07-18 13:31:52+00:00,btc_mxn,1153109.98,1153110.02,0.0
2024-07-18 13:31:53+00:00,btc_mxn,1153109.98,1153110.02,0.0
2024-07-18 13:31:54+00:00,btc_mxn,1153109.98,1153110.02,0.0
2024-07-18 13:31:55+00:00,btc_mxn,1153109.98,1153110.02,0.0
2024-07-18 13:31:56+00:00,btc_mxn,1153109.98,1153110.02,0.0
2024-07-18 13:31:57+00:00,btc_mxn,1153109.98,1153110.02,0.0
2024-07-18 13:31:58+00:00,btc_mxn,1153109.98,1153110.02,0.0
2024-07-18 13:31:59+00:00,btc_mxn,1153109.98,1153110.02,0.0
2024-07-18 13:32:00+00:00,btc_mxn,1153109.98,1153110.02,0.0
2024-07-18 13:32:01+00:00,btc_mxn,1153109.98,1153110.02,0.0
2024-07-18 13:32:02+00:00,btc_mxn,1153109.98,1153110.02,0.0
2024-07-18 13:32:03+00:00,btc_mxn,1153109.98,1153110.02,0.0
2024-07-18 13:32:04+00:00,btc_mxn,1153109.98,1153110.02,0.0
2024-07-18 13:32:05+00:00,btc_mxn,1153109.98,1153110.02,0.0
2024-07-18 13:32:06+00:00,btc_mxn,1153109.98,1153110.02,0.0
2024-07-18 13:32:07+00:00,btc_mxn,1153109.98,1153110.02,0.0
2024-07-18 13:32:08+00:00,btc_mxn,1153109.98,1153110.02,0.0
2024-07-18 13:32:09+00:00,btc_mxn,1153109.98,1153110.02,0.0
2024-07-18 13:32:10+00:00,btc_mxn,1153109.98,1153110.02,0.0
2024-07-18 13:32:11+00:00,btc_mxn,1153109.98,1153110.02,0.0
2024-07-18 13:32:12+00:00,btc_mxn,1153109.98,1153110.02,0.0
2024-07-18 13:32:13+00:00,btc_mxn,1153109.98,1153110.02,0.0
2024-07-18 13:32:14+00:00,btc_mxn,1153109.98,1153110.02,0.0
2024-07-18 13:32:15+00:00,btc_mxn,1153109.98,1153110.02,0.0
2024-07-18 13:32:16+00:00,btc_mxn,1153109.98,1153110.02,0.0
2024-07-18 13:32:17+00:00,btc_mxn,1153109.98,1153110.02,0.0
2024-07-18 13:32:19+00:00,btc_mxn,1153109.98,1153110.02,0.0
2024-07-18 13:32:19+00:00,btc_mxn,1153109.98,1153110.02,0.0
2024-07-18 13:32:20+00:00,btc_mxn,1153109.98,1153110.02,0.0
2024-07-18 13:32:21+00:00,btc_mxn,1153109.98,1153110.02,0.0
2024-07-18 13:32:22+00:00,btc_mxn,1153109.98,1153110.02,0.0
2024-07-18 13:32:23+00:00,btc_mxn,1153109.98,1153110.0,0.0
2024-07-18 13:32:24+00:00,btc_mxn,1153109.98,1153110.0,0.0
2024-07-18 13:32:25+00:00,btc_mxn,1153109.98,1153110.0,0.0
2024-07-18 13:32:26+00:00,btc_mxn,1153109.98,1153110.0,0.0
2024-07-18 13:32:27+00:00,btc_mxn,1153109.98,1153110.0,0.0
2024-07-18 13:32:28+00:00,btc_mxn,1153109.98,1153110.0,0.0
2024-07-18 13:32:29+00:00,btc_mxn,1153109.98,1153110.0,0.0
2024-07-18 13:32:30+00:00,btc_mxn,1153109.98,1153110.0,0.0
2024-07-18 13:32:31+00:00,btc_mxn,1153109.98,1153110.0,0.0
2024-07-18 13:32:32+00:00,btc_mxn,1153109.98,1153110.0,0.0
2024-07-18 13:32:33+00:00,btc_mxn,1153109.98,1153110.0,0.0
2024-07-18 13:32:34+00:00,btc_mxn,1153109.98,1153110.0,0.0
2024-07-18 13:32:36+00:00,btc_mxn,1153109.98,1153110.0,0.0
2024-07-18 13:32:37+00:00,btc_mxn,1153109.98,1153110.0,0.0
2024-07-18 13:32:38+00:00,btc_mxn,1153109.98,1153110.0,0.0
2024-07-18 13:32:39+00:00,btc_mxn,1153109.98,1153110.0,0.0
2024-07-18 13:32:40+00:00,btc_mxn,1153109.98,1153110.0,0.0
2024-07-18 13:32:41+00:00,btc_mxn,1153109.98,1153110.0,0.0
2024-07-18 13:32:42+00:00,btc_mxn,1153109.98,1153110.0,0.0
2024-07-18 13:32:43+00:00,btc_mxn,1153109.98,1153110.0,0.0
2024-07-18 13:32:45+00:00,btc_mxn,1153109.98,1153110.0,0.0
2024-07-18 13:32:46+00:00,btc_mxn,1153109.98,1153110.0,0.0
2024-07-18 13:32:47+00:00,btc_mxn,1153109.98,1153110.0,0.0
2024-07-18 13:32:48+00:00,btc_mxn,1153109.98,1153110.0,0.0
2024-07-18 13:32:49+00:00,btc_mxn,1153109.98,1153110.0,0.0
2024-07-18 13:32:50+00:00,btc_mxn,1153109.98,1153110.0,0.0
2024-07-18 13:32:51+00:00,btc_mxn,1153109.98,1153110.0,0.0
2024-07-18 13:32:52+00:00,btc_mxn,1153109.98,1153110.0,0.0
2024-07-18 13:32:53+00:00,btc_mxn,1153109.98,1153110.0,0.0
2024-07-18 13:32:54+00:00,btc_mxn,1153109.98,1153110.0,0.0
2024-07-18 13:32:55+00:00,btc_mxn,1153109.98,1153110.0,0.0
2024-07-18 13:32:56+00:00,btc_mxn,1153109.98,1153110.0,0.0
2024-07-18 13:32:57+00:00,btc_mxn,1153109.98,1153110.0,0.0
2024-07-18 13:32:58+00:00,btc_mxn,1153109.98,1153110.0,0.0
2024-07-18 13:32:59+00:00,btc_mxn,1153109.98,1153110.0,0.0
2024-07-18 13:33:00+00:00,btc_mxn,1153109.98,1153110.0,0.0
2024-07-18 13:33:01+00:00,btc_mxn,1153109.98,1153110.0,0.0
2024-07-18 13:33:02+00:00,btc_mxn,1153109.98,1153110.0,0.0
2024-07-18 13:33:03+00:00,btc_mxn,1153109.98,1153110.0,0.0
2024-07-18 13:33:04+00:00,btc_mxn,1153109.98,1153110.0,0.0
2024-07-18 13:33:05+00:00,btc_mxn,1153109.98,1153110.0,0.0
2024-07-18 13:33:06+00:00,btc_mxn,1153109.98,1153110.0,0.0
2024-07-18 13:33:07+00:00,btc_mxn,1153109.98,1153110.0,0.0
2024-07-18 13:33:08+00:00,btc_mxn,1153109.98,1153110.0,0.0
2024-07-18 13:33:09+00:00,btc_mxn,1153109.98,1153110.0,0.0
2024-07-18 13:33:10+00:00,btc_mxn,1153109.98,1153110.0,0.0
2024-07-18 13:33:11+00:00,btc_mxn,1153109.98,1153110.0,0.0
2024-07-18 13:33:12+00:00,btc_mxn,1153109.98,1153110.0,0.0
2024-07-18 13:33:13+00:00,btc_mxn,1153109.98,1153110.0,0.0
2024-07-18 13:33:14+00:00,btc_mxn,1153109.98,1153110.0,0.0
2024-07-18 13:33:15+00:00,btc_mxn,1153109.98,1153110.0,0.0
2024-07-18 13:33:16+00:00,btc_mxn,1153109.98,1153110.0,0.0
2024-07-18 13:33:17+00:00,btc_mxn,1153109.98,1153110.0,0.0
2024-07-18 13:33:18+00:00,btc_mxn,1153109.98,1153110.0,0.0
2024-07-18 13:33:19+00:00,btc_mxn,1153109.98,1153110.0,0.0
2024-07-18 13:33:20+00:00,btc_mxn,1153109.98,1153110.0,0.0
2024-07-18 13:33:21+00:00,btc_mxn,1153109.98,1153110.0,0.0
2024-07-18 13:33:22+00:00,btc_mxn,1153109.98,1153110.0,0.0
2024-07-18 13:33:23+00:00,btc_mxn,1153109.98,1153110.0,0.0
2024-07-18 13:33:25+00:00,btc_mxn,1153109.98,1153110.0,0.0
2024-07-18 13:33:26+00:00,btc_mxn,1153109.98,1153110.0,0.0
2024-07-18 13:33:27+00:00,btc_mxn,1153109.98,1153110.0,0.0
2024-07-18 13:33:28+00:00,btc_mxn,1153109.98,1153110.0,0.0
2024-07-18 13:33:29+00:00,btc_mxn,1153109.98,1153110.0,0.0
2024-07-18 13:33:30+00:00,btc_mxn,1153109.98,1153110.0,0.0
2024-07-18 13:33:31+00:00,btc_mxn,1153109.98,1153110.0,0.0
2024-07-18 13:33:32+00:00,btc_mxn,1153109.98,1153110.0,0.0
2024-07-18 13:33:33+00:00,btc_mxn,1153109.98,1153110.0,0.0
2024-07-18 13:33:34+00:00,btc_mxn,1153109.98,1153110.0,0.0
2024-07-18 13:33:35+00:00,btc_mxn,1153109.98,1153110.0,0.0
2024-07-18 13:33:36+00:00,btc_mxn,1153109.98,1153110.0,0.0
2024-07-18 13:33:37+00:00,btc_mxn,1153109.98,1153110.0,0.0
2024-07-18 13:33:38+00:00,btc_mxn,1153109.98,1153110.0,0.0
2024-07-18 13:33:39+00:00,btc_mxn,1153109.98,1153110.0,0.0
2024-07-18 13:33:40+00:00,btc_mxn,1153109.98,1153110.0,0.0
2024-07-18 13:33:41+00:00,btc_mxn,1153109.98,1153110.0,0.0
2024-07-18 13:33:42+00:00,btc_mxn,1153109.98,1153110.0,0.0
2024-07-18 13:33:43+00:00,btc_mxn,1153109.98,1153110.0,0.0
2024-07-18 13:33:44+00:00,btc_mxn,1153109.98,1153110.0,0.0
2024-07-18 13:33:45+00:00,btc_mxn,1153109.98,1153110.0,0.0
2024-07-18 13:33:46+00:00,btc_mxn,1153109.98,1153110.0,0.0
2024-07-18 13:33:47+00:00,btc_mxn,1153109.98,1153110.0,0.0
2024-07-18 13:33:48+00:00,btc_mxn,1153109.98,1153110.0,0.0
2024-07-18 13:33:49+00:00,btc_mxn,1153109.98,1153110.0,0.0
2024-07-18 13:33:51+00:00,btc_mxn,1153109.98,1153110.0,0.0
2024-07-18 13:33:52+00:00,btc_mxn,1153109.98,1153110.0,0.0
2024-07-18 13:33:53+00:00,btc_mxn,1153109.98,1153110.0,0.0
2024-07-18 13:33:54+00:00,btc_mxn,1153109.98,1153110.0,0.0
2024-07-18 13:33:55+00:00,btc_mxn,1153109.98,1153110.0,0.0
2024-07-18 13:33:56+00:00,btc_mxn,1153109.98,1153110.0,0.0
2024-07-18 13:33:57+00:00,btc_mxn,1153109.98,1153110.0,0.0
2024-07-18 13:33:58+00:00,btc_mxn,1153109.98,1153110.0,0.0
2024-07-18 13:33:59+00:00,btc_mxn,1153109.98,1153110.0,0.0
2024-07-18 13:34:00+00:00,btc_mxn,1153109.98,1153110.0,0.0
2024-07-18 13:34:01+00:00,btc_mxn,1153109.98,1153110.02,0.0
2024-07-18 13:34:02+00:00,btc_mxn,1153109.98,1153110.02,0.0
2024-07-18 13:34:03+00:00,btc_mxn,1153109.98,1153110.02,0.0
2024-07-18 13:34:04+00:00,btc_mxn,1153109.98,1153110.02,0.0
2024-07-18 13:34:06+00:00,btc_mxn,1153109.98,1153110.02,0.0
2024-07-18 13:34:06+00:00,btc_mxn,1153109.98,1153110.02,0.0
2024-07-18 13:34:07+00:00,btc_mxn,1153109.98,1153110.02,0.0
2024-07-18 13:34:08+00:00,btc_mxn,1153109.98,1153110.02,0.0
2024-07-18 13:34:09+00:00,btc_mxn,1153109.98,1153110.02,0.0
2024-07-18 13:34:10+00:00,btc_mxn,1153109.98,1153110.02,0.0
2024-07-18 13:34:11+00:00,btc_mxn,1153109.98,1153110.02,0.0
2024-07-18 13:34:12+00:00,btc_mxn,1153109.98,1153110.02,0.0
2024-07-18 13:34:13+00:00,btc_mxn,1153109.98,1153110.02,0.0
2024-07-18 13:34:14+00:00,btc_mxn,1153109.98,1153110.02,0.0
2024-07-18 13:34:15+00:00,btc_mxn,1153109.98,1153110.02,0.0
2024-07-18 13:34:16+00:00,btc_mxn,1153109.98,1153110.02,0.0
2024-07-18 13:34:17+00:00,btc_mxn,1153109.98,1153110.02,0.0
2024-07-18 13:34:18+00:00,btc_mxn,1153109.98,1153110.02,0.0
2024-07-18 13:34:19+00:00,btc_mxn,1153109.98,1153110.02,0.0
2024-07-18 13:34:20+00:00,btc_mxn,1153109.98,1153110.02,0.0
2024-07-18 13:34:21+00:00,btc_mxn,1153109.98,1153110.02,0.0
2024-07-18 13:34:23+00:00,btc_mxn,1153109.98,1153110.02,0.0
2024-07-18 13:34:24+00:00,btc_mxn,1153109.98,1153110.02,0.0
2024-07-18 13:34:25+00:00,btc_mxn,1153109.98,1153110.02,0.0
2024-07-18 13:34:26+00:00,btc_mxn,1153109.98,1153110.02,0.0
2024-07-18 13:34:27+00:00,btc_mxn,1153109.98,1153110.02,0.0
2024-07-18 13:34:28+00:00,btc_mxn,1153109.98,1153110.02,0.0
2024-07-18 13:34:29+00:00,btc_mxn,1153109.98,1153110.02,0.0
2024-07-18 13:34:30+00:00,btc_mxn,1153109.98,1153110.02,0.0
2024-07-18 13:34:31+00:00,btc_mxn,1153109.98,1153110.02,0.0
2024-07-18 13:34:32+00:00,btc_mxn,1153109.98,1153110.02,0.0
2024-07-18 13:34:33+00:00,btc_mxn,1153109.98,1153110.02,0.0
2024-07-18 13:34:34+00:00,btc_mxn,1153109.98,1153110.02,0.0
2024-07-18 13:34:35+00:00,btc_mxn,1153109.98,1153110.02,0.0
2024-07-18 13:34:36+00:00,btc_mxn,1153109.98,1153110.02,0.0
2024-07-18 13:34:37+00:00,btc_mxn,1153109.98,1153110.02,0.0
2024-07-18 13:34:38+00:00,btc_mxn,1153109.98,1153110.02,0.0
2024-07-18 13:34:39+00:00,btc_mxn,1153109.98,1153110.02,0.0
2024-07-18 13:34:40+00:00,btc_mxn,1153109.98,1153110.02,0.0
2024-07-18 13:34:41+00:00,btc_mxn,1153109.98,1153110.02,0.0
2024-07-18 13:34:42+00:00,btc_mxn,1153109.98,1153110.02,0.0
2024-07-18 13:34:43+00:00,btc_mxn,1153109.98,1153110.02,0.0
2024-07-18 13:34:44+00:00,btc_mxn,1153109.98,1153110.02,0.0
2024-07-18 13:34:45+00:00,btc_mxn,1153109.98,1153110.02,0.0
2024-07-18 13:34:46+00:00,btc_mxn,1153109.98,1153110.02,0.0
2024-07-18 13:34:48+00:00,btc_mxn,1153109.98,1153110.02,0.0
2024-07-18 13:34:49+00:00,btc_mxn,1153109.98,1153110.02,0.0
2024-07-18 13:34:50+00:00,btc_mxn,1153109.98,1153110.02,0.0
2024-07-18 13:34:51+00:00,btc_mxn,1153109.98,1153110.02,0.0
2024-07-18 13:34:52+00:00,btc_mxn,1153109.98,1153110.02,0.0
2024-07-18 13:34:53+00:00,btc_mxn,1153109.98,1153110.02,0.0
2024-07-18 13:34:54+00:00,btc_mxn,1153109.98,1153110.02,0.0
2024-07-18 13:34:55+00:00,btc_mxn,1153109.98,1153110.02,0.0
2024-07-18 13:34:56+00:00,btc_mxn,1153109.98,1153110.02,0.0
2024-07-18 13:34:57+00:00,btc_mxn,1153109.98,1153110.02,0.0
2024-07-18 13:34:58+00:00,btc_mxn,1153109.98,1153110.02,0.0
2024-07-18 13:34:59+00:00,btc_mxn,1153109.98,1153110.02,0.0
2024-07-18 13:35:00+00:00,btc_mxn,1153109.98,1153110.02,0.0
2024-07-18 13:35:01+00:00,btc_mxn,1153109.98,1153110.02,0.0
2024-07-18 13:35:02+00:00,btc_mxn,1153109.98,1153110.02,0.0
2024-07-18 13:35:03+00:00,btc_mxn,1153109.98,1153110.02,0.0
2024-07-18 13:35:04+00:00,btc_mxn,1153109.98,1153110.02,0.0
2024-07-18 13:35:05+00:00,btc_mxn,1153109.98,1153110.02,0.0
2024-07-18 13:35:06+00:00,btc_mxn,1153109.98,1153110.02,0.0
2024-07-18 13:35:07+00:00,btc_mxn,1153109.98,1153110.02,0.0
2024-07-18 13:35:08+00:00,btc_mxn,1153109.98,1153110.02,0.0
2024-07-18 13:35:09+00:00,btc_mxn,1153109.98,1153110.02,0.0
2024-07-18 13:35:10+00:00,btc_mxn,1153109.98,1153110.02,0.0
2024-07-18 13:35:11+00:00,btc_mxn,1153109.98,1153110.02,0.0
2024-07-18 13:35:12+00:00,btc_mxn,1153109.98,1153110.02,0.0
2024-07-18 13:35:13+00:00,btc_mxn,1153109.98,1153110.02,0.0
2024-07-18 13:35:15+00:00,btc_mxn,1153109.98,1153110.02,0.0
2024-07-18 13:35:16+00:00,btc_mxn,1153109.98,1153110.02,0.0
2024-07-18 13:35:17+00:00,btc_mxn,1153109.98,1153110.02,0.0
2024-07-18 13:35:18+00:00,btc_mxn,1153109.98,1153110.02,0.0
2024-07-18 13:35:19+00:00,btc_mxn,1153109.98,1153110.02,0.0
2024-07-18 13:35:20+00:00,btc_mxn,1153109.98,1153110.02,0.0
2024-07-18 13:35:21+00:00,btc_mxn,1153109.98,1153110.02,0.0
2024-07-18 13:35:22+00:00,btc_mxn,1153109.98,1153110.02,0.0
2024-07-18 13:35:23+00:00,btc_mxn,1153109.98,1153110.02,0.0
2024-07-18 13:35:24+00:00,btc_mxn,1153109.98,1153110.02,0.0
2024-07-18 13:35:25+00:00,btc_mxn,1153109.98,1153110.02,0.0
2024-07-18 13:35:26+00:00,btc_mxn,1153109.98,1153110.02,0.0
2024-07-18 13:35:27+00:00,btc_mxn,1153109.98,1153110.02,0.0
2024-07-18 13:35:28+00:00,btc_mxn,1153109.98,1153110.02,0.0
2024-07-18 13:35:29+00:00,btc_mxn,1153109.98,1153110.02,0.0
2024-07-18 13:35:30+00:00,btc_mxn,1153109.98,1153110.02,0.0
2024-07-18 13:35:31+00:00,btc_mxn,1153109.98,1153110.02,0.0
2024-07-18 13:35:32+00:00,btc_mxn,1153109.98,1153110.02,0.0
2024-07-18 13:35:33+00:00,btc_mxn,1153109.98,1153110.02,0.0
2024-07-18 13:35:34+00:00,btc_mxn,1153109.98,1153110.02,0.0
2024-07-18 13:35:35+00:00,btc_mxn,1153109.98,1153110.02,0.0
2024-07-18 13:35:36+00:00,btc_mxn,1153109.98,1153110.02,0.0
2024-07-18 13:35:37+00:00,btc_mxn,1153109.98,1153110.02,0.0
2024-07-18 13:35:38+00:00,btc_mxn,1153109.98,1153110.02,0.0
2024-07-18 13:35:39+00:00,btc_mxn,1153109.98,1153110.02,0.0
2024-07-18 13:35:40+00:00,btc_mxn,1153109.98,1153110.02,0.0
2024-07-18 13:35:41+00:00,btc_mxn,1153109.98,1153110.02,0.0
2024-07-18 13:35:42+00:00,btc_mxn,1153109.98,1153110.02,0.0
2024-07-18 13:35:43+00:00,btc_mxn,1153109.98,1153110.02,0.0
2024-07-18 13:35:44+00:00,btc_mxn,1153109.98,1153110.02,0.0
2024-07-18 13:35:45+00:00,btc_mxn,1153109.98,1153110.02,0.0
2024-07-18 13:35:46+00:00,btc_mxn,1153109.98,1153110.02,0.0
2024-07-18 13:35:47+00:00,btc_mxn,1153109.98,1153110.02,0.0
2024-07-18 13:35:48+00:00,btc_mxn,1153109.98,1153110.02,0.0
2024-07-18 13:35:49+00:00,btc_mxn,1153109.98,1153110.02,0.0
2024-07-18 13:35:50+00:00,btc_mxn,1153109.98,1153110.02,0.0
2024-07-18 13:35:51+00:00,btc_mxn,1153109.98,1153110.02,0.0
2024-07-18 13:35:52+00:00,btc_mxn,1153109.98,1153110.02,0.0
2024-07-18 13:35:53+00:00,btc_mxn,1153109.98,1153110.02,0.0
2024-07-18 13:35:54+00:00,btc_mxn,1153109.98,1153110.02,0.0
2024-07-18 13:35:55+00:00,btc_mxn,1153109.98,1153110.02,0.0
2024-07-18 13:35:56+00:00,btc_mxn,1153109.98,1153110.02,0.0
2024-07-18 13:35:57+00:00,btc_mxn,1153109.98,1153110.02,0.0
2024-07-18 13:35:58+00:00,btc_mxn,1153109.98,1153110.02,0.0
2024-07-18 13:35:59+00:00,btc_mxn,1153109.98,1153110.02,0.0
2024-07-18 13:36:00+00:00,btc_mxn,1153109.98,1153110.02,0.0
2024-07-18 13:36:02+00:00,btc_mxn,1153109.98,1153110.02,0.0
2024-07-18 13:36:03+00:00,btc_mxn,1153109.98,1153110.02,0.0
2024-07-18 13:36:04+00:00,btc_mxn,1153109.98,1153110.02,0.0
2024-07-18 13:36:05+00:00,btc_mxn,1153109.98,1153110.02,0.0
2024-07-18 13:36:06+00:00,btc_mxn,1153109.98,1153110.02,0.0
2024-07-18 13:36:07+00:00,btc_mxn,1149999.98,1150000.02,0.0
2024-07-18 13:36:08+00:00,btc_mxn,1149999.98,1150000.02,0.0
2024-07-18 13:36:09+00:00,btc_mxn,1149999.98,1150000.02,0.0
2024-07-18 13:36:10+00:00,btc_mxn,1149999.98,1150000.02,0.0
2024-07-18 13:36:12+00:00,btc_mxn,1149999.98,1150000.02,0.0
2024-07-18 13:36:12+00:00,btc_mxn,1149999.98,1150000.02,0.0
2024-07-18 13:36:13+00:00,btc_mxn,1149999.98,1150000.02,0.0
2024-07-18 13:36:14+00:00,btc_mxn,1149999.98,1150000.02,0.0
2024-07-18 13:36:15+00:00,btc_mxn,1149999.98,1150000.02,0.0
2024-07-18 13:36:16+00:00,btc_mxn,1149999.98,1150000.02,0.0
2024-07-18 13:36:17+00:00,btc_mxn,1149999.98,1150000.02,0.0
2024-07-18 13:36:18+00:00,btc_mxn,1149999.98,1150000.02,0.0
2024-07-18 13:36:19+00:00,btc_mxn,1149999.98,1150000.02,0.0
2024-07-18 13:36:20+00:00,btc_mxn,1149999.98,1150000.02,0.0
2024-07-18 13:36:21+00:00,btc_mxn,1149999.98,1150000.02,0.0
2024-07-18 13:36:22+00:00,btc_mxn,1149999.98,1150000.02,0.0
2024-07-18 13:36:23+00:00,btc_mxn,1149999.98,1150000.02,0.0
2024-07-18 13:36:24+00:00,btc_mxn,1149999.98,1150000.02,0.0
2024-07-18 13:36:25+00:00,btc_mxn,1149999.98,1150000.02,0.0
2024-07-18 13:36:26+00:00,btc_mxn,1149999.98,1150000.02,0.0
2024-07-18 13:36:27+00:00,btc_mxn,1149999.98,1150000.02,0.0
2024-07-18 13:36:28+00:00,btc_mxn,1149999.98,1150000.02,0.0
2024-07-18 13:36:29+00:00,btc_mxn,1149999.98,1150000.02,0.0
2024-07-18 13:36:30+00:00,btc_mxn,1149999.98,1150000.02,0.0
2024-07-18 13:36:31+00:00,btc_mxn,1149999.98,1150000.02,0.0
2024-07-18 13:36:32+00:00,btc_mxn,1149999.98,1150000.02,0.0
2024-07-18 13:36:33+00:00,btc_mxn,1149999.98,1150000.02,0.0
2024-07-18 13:36:34+00:00,btc_mxn,1149999.98,1150000.02,0.0
2024-07-18 13:36:35+00:00,btc_mxn,1149999.98,1150000.02,0.0
2024-07-18 13:36:36+00:00,btc_mxn,1149999.98,1150000.02,0.0
2024-07-18 13:36:37+00:00,btc_mxn,1149999.98,1150000.02,0.0
2024-07-18 13:36:38+00:00,btc_mxn,1149999.98,1150000.02,0.0
2024-07-18 13:36:39+00:00,btc_mxn,1149999.98,1150000.02,0.0
2024-07-18 13:36:40+00:00,btc_mxn,1149999.98,1150000.02,0.0
2024-07-18 13:36:41+00:00,btc_mxn,1149999.98,1150000.02,0.0
2024-07-18 13:36:42+00:00,btc_mxn,1149999.98,1150000.02,0.0
2024-07-18 13:36:43+00:00,btc_mxn,1149999.98,1150000.02,0.0
2024-07-18 13:36:45+00:00,btc_mxn,1149999.98,1150000.02,0.0
2024-07-18 13:36:46+00:00,btc_mxn,1149999.98,1150000.02,0.0
2024-07-18 13:36:47+00:00,btc_mxn,1149999.98,1150000.02,0.0
2024-07-18 13:36:48+00:00,btc_mxn,1149999.98,1150000.02,0.0
2024-07-18 13:36:49+00:00,btc_mxn,1149999.98,1150000.02,0.0
2024-07-18 13:36:50+00:00,btc_mxn,1149999.98,1150000.02,0.0
2024-07-18 13:36:51+00:00,btc_mxn,1149999.98,1150000.02,0.0
2024-07-18 13:36:52+00:00,btc_mxn,1149999.98,1150000.02,0.0
2024-07-18 13:36:53+00:00,btc_mxn,1149999.98,1150000.02,0.0
2024-07-18 13:36:54+00:00,btc_mxn,1149999.98,1150000.02,0.0
2024-07-18 13:36:55+00:00,btc_mxn,1149999.98,1150000.02,0.0
2024-07-18 13:36:56+00:00,btc_mxn,1149999.98,1150000.02,0.0
2024-07-18 13:36:57+00:00,btc_mxn,1149999.98,1150000.02,0.0
2024-07-18 13:36:58+00:00,btc_mxn,1149999.98,1150000.02,0.0
2024-07-18 13:36:59+00:00,btc_mxn,1149999.98,1150000.02,0.0
2024-07-18 13:37:00+00:00,btc_mxn,1149999.98,1150000.02,0.0
2024-07-18 13:37:01+00:00,btc_mxn,1149999.98,1150000.02,0.0
2024-07-18 13:37:02+00:00,btc_mxn,1149999.98,1150000.02,0.0
2024-07-18 13:37:03+00:00,btc_mxn,1149999.98,1150000.02,0.0
2024-07-18 13:37:04+00:00,btc_mxn,1149999.98,1150000.02,0.0
2024-07-18 13:37:05+00:00,btc_mxn,1149999.98,1150000.02,0.0
2024-07-18 13:37:06+00:00,btc_mxn,1149999.98,1150000.02,0.0
2024-07-18 13:37:07+00:00,btc_mxn,1149999.98,1150000.02,0.0
2024-07-18 13:37:08+00:00,btc_mxn,1149999.98,1150000.02,0.0
2024-07-18 13:37:09+00:00,btc_mxn,1149999.98,1150000.02,0.0
2024-07-18 13:37:10+00:00,btc_mxn,1149999.98,1150000.02,0.0
2024-07-18 13:37:11+00:00,btc_mxn,1149999.98,1150000.02,0.0
2024-07-18 13:37:12+00:00,btc_mxn,1149999.98,1150000.02,0.0
2024-07-18 13:37:13+00:00,btc_mxn,1149999.98,1150000.02,0.0
2024-07-18 13:37:14+00:00,btc_mxn,1149999.98,1150000.02,0.0
2024-07-18 13:37:15+00:00,btc_mxn,1149999.98,1150000.02,0.0
2024-07-18 13:37:16+00:00,btc_mxn,1149999.98,1150000.02,0.0
2024-07-18 13:37:17+00:00,btc_mxn,1149999.98,1150000.02,0.0
2024-07-18 13:37:18+00:00,btc_mxn,1149999.98,1150000.02,0.0
2024-07-18 13:37:19+00:00,btc_mxn,1149999.98,1150000.02,0.0
2024-07-18 13:37:20+00:00,btc_mxn,1149999.98,1150000.02,0.0
2024-07-18 13:37:21+00:00,btc_mxn,1149999.98,1150000.02,0.0
2024-07-18 13:37:22+00:00,btc_mxn,1149999.98,1150000.02,0.0
2024-07-18 13:37:23+00:00,btc_mxn,1149999.98,1150000.02,0.0
2024-07-18 13:37:24+00:00,btc_mxn,1149999.98,1150000.02,0.0
2024-07-18 13:37:25+00:00,btc_mxn,1149999.98,1150000.02,0.0
2024-07-18 13:37:26+00:00,btc_mxn,1149999.98,1150000.02,0.0
2024-07-18 13:37:27+00:00,btc_mxn,1149999.98,1150000.02,0.0
2024-07-18 13:37:28+00:00,btc_mxn,1149999.98,1150000.02,0.0
2024-07-18 13:37:29+00:00,btc_mxn,1149999.98,1150000.02,0.0
2024-07-18 13:37:30+00:00,btc_mxn,1149999.98,1150000.02,0.0
2024-07-18 13:37:31+00:00,btc_mxn,1149999.98,1150000.02,0.0
2024-07-18 13:37:32+00:00,btc_mxn,1149999.98,1150000.02,0.0
2024-07-18 13:37:33+00:00,btc_mxn,1149999.98,1150000.02,0.0
2024-07-18 13:37:35+00:00,btc_mxn,1149999.98,1150000.02,0.0
2024-07-18 13:37:35+00:00,btc_mxn,1149999.98,1150000.02,0.0
2024-07-18 13:37:36+00:00,btc_mxn,1149999.98,1150000.02,0.0
2024-07-18 13:37:37+00:00,btc_mxn,1149999.98,1150000.02,0.0
2024-07-18 13:37:38+00:00,btc_mxn,1149999.98,1150000.02,0.0
2024-07-18 13:37:39+00:00,btc_mxn,1149999.98,1150000.02,0.0
2024-07-18 13:37:40+00:00,btc_mxn,1149999.98,1150000.02,0.0
2024-07-18 13:37:41+00:00,btc_mxn,1149999.98,1150000.02,0.0
2024-07-18 13:37:42+00:00,btc_mxn,1149999.98,1150000.02,0.0
2024-07-18 13:37:43+00:00,btc_mxn,1149999.98,1150000.02,0.0
2024-07-18 13:37:44+00:00,btc_mxn,1149999.98,1150000.02,0.0
2024-07-18 13:37:45+00:00,btc_mxn,1149999.98,1150000.02,0.0
2024-07-18 13:37:46+00:00,btc_mxn,1149999.98,1150000.02,0.0
2024-07-18 13:37:47+00:00,btc_mxn,1149999.98,1150000.02,0.0
2024-07-18 13:37:48+00:00,btc_mxn,1149999.98,1150000.02,0.0
2024-07-18 13:37:49+00:00,btc_mxn,1149999.98,1150000.02,0.0
2024-07-18 13:37:50+00:00,btc_mxn,1149999.98,1150000.02,0.0
2024-07-18 13:37:51+00:00,btc_mxn,1149999.98,1150000.02,0.0
2024-07-18 13:37:52+00:00,btc_mxn,1149999.98,1150000.02,0.0
2024-07-18 13:37:53+00:00,btc_mxn,1149999.98,1150000.02,0.0
2024-07-18 13:37:55+00:00,btc_mxn,1149999.98,1150000.02,0.0
2024-07-18 13:37:56+00:00,btc_mxn,1149999.98,1150000.02,0.0
2024-07-18 13:37:57+00:00,btc_mxn,1149999.98,1150000.02,0.0
2024-07-18 13:37:58+00:00,btc_mxn,1149999.98,1150000.02,0.0
2024-07-18 13:37:59+00:00,btc_mxn,1149999.98,1150000.02,0.0
2024-07-18 13:38:00+00:00,btc_mxn,1149999.98,1150000.02,0.0
2024-07-18 13:38:01+00:00,btc_mxn,1149999.98,1150000.02,0.0
2024-07-18 13:38:02+00:00,btc_mxn,1149999.98,1150000.02,0.0
2024-07-18 13:38:03+00:00,btc_mxn,1149999.98,1150000.02,0.0
2024-07-18 13:38:04+00:00,btc_mxn,1149999.98,1150000.02,0.0
2024-07-18 13:38:05+00:00,btc_mxn,1149999.98,1150000.02,0.0
2024-07-18 13:38:06+00:00,btc_mxn,1149999.98,1150000.02,0.0
2024-07-18 13:38:07+00:00,btc_mxn,1149999.98,1150000.02,0.0
2024-07-18 13:38:08+00:00,btc_mxn,1149999.98,1150000.02,0.0
2024-07-18 13:38:09+00:00,btc_mxn,1149999.98,1150000.02,0.0
2024-07-18 13:38:10+00:00,btc_mxn,1149999.98,1150000.02,0.0
2024-07-18 13:38:11+00:00,btc_mxn,1149999.98,1150000.02,0.0
2024-07-18 13:38:12+00:00,btc_mxn,1149999.98,1150000.02,0.0
2024-07-18 13:38:13+00:00,btc_mxn,1149999.98,1150000.02,0.0
2024-07-18 13:38:14+00:00,btc_mxn,1149999.98,1150000.02,0.0
2024-07-18 13:38:15+00:00,btc_mxn,1149999.98,1150000.02,0.0
2024-07-18 13:38:16+00:00,btc_mxn,1149999.98,1150000.02,0.0
2024-07-18 13:38:17+00:00,btc_mxn,1149999.98,1150000.02,0.0
2024-07-18 13:38:18+00:00,btc_mxn,1149999.98,1150000.02,0.0
2024-07-18 13:38:19+00:00,btc_mxn,1149999.98,1150000.02,0.0
2024-07-18 13:38:20+00:00,btc_mxn,1149999.98,1150000.02,0.0
2024-07-18 13:38:21+00:00,btc_mxn,1149999.98,1150000.02,0.0
2024-07-18 13:38:22+00:00,btc_mxn,1149999.98,1150000.02,0.0
2024-07-18 13:38:23+00:00,btc_mxn,1149999.98,1150000.02,0.0
2024-07-18 13:38:24+00:00,btc_mxn,1149999.98,1150000.02,0.0
2024-07-18 13:38:25+00:00,btc_mxn,1149999.98,1150000.02,0.0
2024-07-18 13:38:26+00:00,btc_mxn,1149999.98,1150000.02,0.0
2024-07-18 13:38:27+00:00,btc_mxn,1149999.98,1150000.02,0.0
2024-07-18 13:38:28+00:00,btc_mxn,1149999.98,1150000.02,0.0
2024-07-18 13:38:29+00:00,btc_mxn,1149999.98,1150000.02,0.0
2024-07-18 13:38:30+00:00,btc_mxn,1149999.98,1150000.02,0.0
2024-07-18 13:38:31+00:00,btc_mxn,1149999.98,1150000.02,0.0
2024-07-18 13:38:32+00:00,btc_mxn,1149999.98,1150000.02,0.0
2024-07-18 13:38:33+00:00,btc_mxn,1149999.98,1150000.02,0.0
2024-07-18 13:38:34+00:00,btc_mxn,1149999.98,1150000.02,0.0
2024-07-18 13:38:35+00:00,btc_mxn,1149999.98,1150000.02,0.0
2024-07-18 13:38:36+00:00,btc_mxn,1149999.98,1150000.02,0.0
2024-07-18 13:38:37+00:00,btc_mxn,1149999.98,1150000.02,0.0
2024-07-18 13:38:38+00:00,btc_mxn,1149999.98,1150000.02,0.0
2024-07-18 13:38:39+00:00,btc_mxn,1149999.98,1150000.02,0.0
2024-07-18 13:38:40+00:00,btc_mxn,1149999.98,1150000.02,0.0
2024-07-18 13:38:41+00:00,btc_mxn,1149999.98,1150000.02,0.0
2024-07-18 13:38:43+00:00,btc_mxn,1149999.98,1150000.02,0.0
2024-07-18 13:38:43+00:00,btc_mxn,1149999.98,1150000.02,0.0
2024-07-18 13:38:45+00:00,btc_mxn,1149999.98,1150000.02,0.0
2024-07-18 13:38:46+00:00,btc_mxn,1149999.98,1150000.02,0.0
2024-07-18 13:38:47+00:00,btc_mxn,1149999.98,1150000.02,0.0
2024-07-18 13:38:48+00:00,btc_mxn,1149999.98,1150000.02,0.0
2024-07-18 13:38:48+00:00,btc_mxn,1149999.98,1150000.02,0.0
2024-07-18 13:38:50+00:00,btc_mxn,1149999.98,1150000.02,0.0
2024-07-18 13:38:51+00:00,btc_mxn,1149999.98,1150000.02,0.0
2024-07-18 13:38:52+00:00,btc_mxn,1149999.98,1150000.02,0.0
2024-07-18 13:38:53+00:00,btc_mxn,1149999.98,1150000.02,0.0
2024-07-18 13:38:54+00:00,btc_mxn,1149999.98,1150000.02,0.0
2024-07-18 13:38:55+00:00,btc_mxn,1149999.98,1150000.02,0.0
2024-07-18 13:38:56+00:00,btc_mxn,1149999.98,1150000.02,0.0
2024-07-18 13:38:57+00:00,btc_mxn,1149999.98,1150000.02,0.0
2024-07-18 13:38:58+00:00,btc_mxn,1149999.98,1150000.02,0.0
2024-07-18 13:38:59+00:00,btc_mxn,1149999.98,1150000.02,0.0
2024-07-18 13:39:00+00:00,btc_mxn,1149999.98,1150000.02,0.0
2024-07-18 13:39:01+00:00,btc_mxn,1149999.98,1150000.02,0.0
2024-07-18 13:39:02+00:00,btc_mxn,1149999.98,1150000.02,0.0
2024-07-18 13:39:03+00:00,btc_mxn,1149999.98,1150000.02,0.0
2024-07-18 13:39:04+00:00,btc_mxn,1149999.98,1150000.02,0.0
2024-07-18 13:39:05+00:00,btc_mxn,1149999.98,1150000.02,0.0
2024-07-18 13:39:06+00:00,btc_mxn,1149999.98,1150000.02,0.0
2024-07-18 13:39:07+00:00,btc_mxn,1149999.98,1150000.02,0.0
2024-07-18 13:39:08+00:00,btc_mxn,1149999.98,1150000.02,0.0
2024-07-18 13:39:09+00:00,btc_mxn,1149999.98,1150000.02,0.0
2024-07-18 13:39:10+00:00,btc_mxn,1149999.98,1150000.02,0.0
2024-07-18 13:39:11+00:00,btc_mxn,1149999.98,1150000.02,0.0
2024-07-18 13:39:12+00:00,btc_mxn,1149999.98,1150000.02,0.0
2024-07-18 13:39:13+00:00,btc_mxn,1149999.98,1150000.02,0.0
2024-07-18 13:39:14+00:00,btc_mxn,1149999.98,1150000.02,0.0
2024-07-18 13:39:15+00:00,btc_mxn,1149999.98,1150000.02,0.0
2024-07-18 13:39:16+00:00,btc_mxn,1149999.98,1150000.02,0.0
2024-07-18 13:39:17+00:00,btc_mxn,1149999.98,1150000.02,0.0
2024-07-18 13:39:18+00:00,btc_mxn,1149999.98,1150000.02,0.0
2024-07-18 13:39:19+00:00,btc_mxn,1149999.98,1150000.02,0.0
2024-07-18 13:39:20+00:00,btc_mxn,1149999.98,1150000.02,0.0
2024-07-18 13:39:21+00:00,btc_mxn,1149999.98,1150000.02,0.0
2024-07-18 13:39:22+00:00,btc_mxn,1149999.98,1150000.02,0.0
2024-07-18 13:39:23+00:00,btc_mxn,1149999.98,1150000.02,0.0
2024-07-18 13:39:24+00:00,btc_mxn,1149999.98,1150000.02,0.0
2024-07-18 13:39:25+00:00,btc_mxn,1149999.98,1150000.02,0.0
2024-07-18 13:39:26+00:00,btc_mxn,1149999.98,1150000.02,0.0
2024-07-18 13:39:27+00:00,btc_mxn,1149999.98,1150000.02,0.0
2024-07-18 13:39:28+00:00,btc_mxn,1149999.98,1150000.02,0.0
2024-07-18 13:39:29+00:00,btc_mxn,1149999.98,1150000.02,0.0
2024-07-18 13:39:30+00:00,btc_mxn,1149999.98,1150000.02,0.0
2024-07-18 13:39:31+00:00,btc_mxn,1149999.98,1150000.02,0.0
2024-07-18 13:39:32+00:00,btc_mxn,1149999.98,1150000.02,0.0
2024-07-18 13:39:33+00:00,btc_mxn,1149999.98,1150000.02,0.0
2024-07-18 13:39:34+00:00,btc_mxn,1149999.98,1150000.02,0.0
2024-07-18 13:39:35+00:00,btc_mxn,1149999.98,1150000.02,0.0
2024-07-18 13:39:36+00:00,btc_mxn,1149999.98,1150000.02,0.0
2024-07-18 13:39:37+00:00,btc_mxn,1149999.98,1150000.02,0.0
2024-07-18 13:39:38+00:00,btc_mxn,1149999.98,1150000.02,0.0
2024-07-18 13:39:39+00:00,btc_mxn,1149999.98,1150000.02,0.0
2024-07-18 13:39:40+00:00,btc_mxn,1149999.98,1150000.02,0.0
2024-07-18 13:39:41+00:00,btc_mxn,1149999.98,1150000.02,0.0
2024-07-18 13:39:42+00:00,btc_mxn,1149999.98,1150000.02,0.0
2024-07-18 13:39:43+00:00,btc_mxn,1149999.98,1150000.02,0.0
2024-07-18 13:39:44+00:00,btc_mxn,1149999.98,1150000.02,0.0
2024-07-18 13:39:45+00:00,btc_mxn,1149999.98,1150000.02,0.0
2024-07-18 13:39:46+00:00,btc_mxn,1149999.98,1150000.02,0.0
2024-07-18 13:39:47+00:00,btc_mxn,1149999.98,1150000.02,0.0
2024-07-18 13:39:48+00:00,btc_mxn,1149999.98,1150000.02,0.0
2024-07-18 13:39:49+00:00,btc_mxn,1149999.98,1150000.02,0.0
2024-07-18 13:39:50+00:00,btc_mxn,1149999.98,1150000.02,0.0
2024-07-18 13:39:51+00:00,btc_mxn,1149999.98,1150000.02,0.0
2024-07-18 13:39:52+00:00,btc_mxn,1149999.98,1150000.02,0.0
2024-07-18 13:39:53+00:00,btc_mxn,1149999.98,1150000.02,0.0
2024-07-18 13:39:54+00:00,btc_mxn,1149999.98,1150000.02,0.0
2024-07-18 13:39:55+00:00,btc_mxn,1149999.98,1150000.02,0.0
2024-07-18 13:39:56+00:00,btc_mxn,1149999.98,1150000.02,0.0
2024-07-18 13:39:57+00:00,btc_mxn,1149999.98,1150000.02,0.0
2024-07-18 13:39:58+00:00,btc_mxn,1149999.98,1150000.02,0.0
2024-07-18 13:39:59+00:00,btc_mxn,1149999.98,1150000.02,0.0
2024-07-18 13:40:00+00:00,btc_mxn,1149999.98,1150000.02,0.0
2024-07-18 13:40:02+00:00,btc_mxn,1149999.98,1150000.02,0.0
2024-07-18 13:40:03+00:00,btc_mxn,1149999.98,1150000.02,0.0
2024-07-18 13:40:03+00:00,btc_mxn,1149999.98,1150000.02,0.0
2024-07-18 13:40:05+00:00,btc_mxn,1149999.98,1150000.02,0.0
2024-07-18 13:40:06+00:00,btc_mxn,1149999.98,1150000.02,0.0
2024-07-18 13:40:07+00:00,btc_mxn,1149999.98,1150000.02,0.0
2024-07-18 13:40:08+00:00,btc_mxn,1149999.98,1150000.02,0.0
2024-07-18 13:40:09+00:00,btc_mxn,1149999.98,1150000.02,0.0
2024-07-18 13:40:10+00:00,btc_mxn,1149999.98,1150000.02,0.0
2024-07-18 13:40:11+00:00,btc_mxn,1149999.98,1150000.02,0.0
2024-07-18 13:40:12+00:00,btc_mxn,1149999.98,1150000.02,0.0
2024-07-18 13:40:13+00:00,btc_mxn,1149999.98,1150000.02,0.0
2024-07-18 13:40:14+00:00,btc_mxn,1149999.98,1150000.02,0.0
2024-07-18 13:40:15+00:00,btc_mxn,1149999.98,1150000.02,0.0
2024-07-18 13:40:16+00:00,btc_mxn,1149999.98,1150000.02,0.0
2024-07-18 13:40:17+00:00,btc_mxn,1149999.98,1150000.02,0.0
2024-07-18 13:40:18+00:00,btc_mxn,1149999.98,1150000.02,0.0
2024-07-18 13:40:19+00:00,btc_mxn,1149999.98,1150000.02,0.0
2024-07-18 13:40:20+00:00,btc_mxn,1149999.98,1150000.02,0.0
2024-07-18 13:40:21+00:00,btc_mxn,1149999.98,1150000.02,0.0
2024-07-18 13:40:22+00:00,btc_mxn,1149999.98,1150000.02,0.0
2024-07-18 13:40:23+00:00,btc_mxn,1149999.98,1150000.02,0.0
2024-07-18 13:40:24+00:00,btc_mxn,1149999.98,1150000.02,0.0
2024-07-18 13:40:25+00:00,btc_mxn,1149999.98,1150000.02,0.0
2024-07-18 13:40:26+00:00,btc_mxn,1149999.98,1150000.02,0.0
2024-07-18 13:40:27+00:00,btc_mxn,1149999.98,1150000.02,0.0
2024-07-18 13:40:28+00:00,btc_mxn,1149999.98,1150000.02,0.0
2024-07-18 13:40:29+00:00,btc_mxn,1149999.98,1150000.02,0.0
2024-07-18 13:40:30+00:00,btc_mxn,1149999.98,1150000.02,0.0
2024-07-18 13:40:31+00:00,btc_mxn,1149999.98,1150000.02,0.0
2024-07-18 13:40:32+00:00,btc_mxn,1149999.98,1150000.02,0.0
2024-07-18 13:40:33+00:00,btc_mxn,1149999.98,1150000.02,0.0
2024-07-18 13:40:34+00:00,btc_mxn,1149999.98,1150000.02,0.0
2024-07-18 13:40:35+00:00,btc_mxn,1149999.98,1150000.02,0.0
2024-07-18 13:40:36+00:00,btc_mxn,1149999.98,1150000.02,0.0
2024-07-18 13:40:37+00:00,btc_mxn,1149999.98,1150000.02,0.0
2024-07-18 13:40:38+00:00,btc_mxn,1149999.98,1150000.02,0.0
2024-07-18 13:40:39+00:00,btc_mxn,1149999.98,1150000.02,0.0
2024-07-18 13:40:40+00:00,btc_mxn,1149999.98,1150000.02,0.0
2024-07-18 13:40:41+00:00,btc_mxn,1149999.98,1150000.02,0.0
2024-07-18 13:40:42+00:00,btc_mxn,1149999.98,1150000.02,0.0
2024-07-18 13:40:43+00:00,btc_mxn,1149999.98,1150000.02,0.0
2024-07-18 13:40:44+00:00,btc_mxn,1149999.98,1150000.02,0.0
2024-07-18 13:40:45+00:00,btc_mxn,1149999.98,1150000.02,0.0
2024-07-18 13:40:46+00:00,btc_mxn,1149999.98,1150000.02,0.0
2024-07-18 13:40:47+00:00,btc_mxn,1149999.98,1150000.02,0.0
2024-07-18 13:40:48+00:00,btc_mxn,1149999.98,1150000.02,0.0
2024-07-18 13:40:49+00:00,btc_mxn,1149999.98,1150000.02,0.0
2024-07-18 13:40:50+00:00,btc_mxn,1149999.98,1150000.02,0.0
2024-07-18 13:40:51+00:00,btc_mxn,1149999.98,1150000.02,0.0
2024-07-18 13:40:52+00:00,btc_mxn,1149999.98,1150000.02,0.0
2024-07-18 13:40:53+00:00,btc_mxn,1149999.98,1150000.02,0.0
2024-07-18 13:40:54+00:00,btc_mxn,1149999.98,1150000.02,0.0
2024-07-18 13:40:55+00:00,btc_mxn,1149999.98,1150000.02,0.0
2024-07-18 13:40:56+00:00,btc_mxn,1149999.98,1150000.02,0.0
2024-07-18 13:40:57+00:00,btc_mxn,1149999.98,1150000.02,0.0
2024-07-18 13:40:58+00:00,btc_mxn,1149999.98,1150000.02,0.0
2024-07-18 13:40:59+00:00,btc_mxn,1149999.98,1150000.02,0.0
2024-07-18 13:41:00+00:00,btc_mxn,1149999.98,1150000.02,0.0
2024-07-18 13:41:01+00:00,btc_mxn,1149999.98,1150000.02,0.0
2024-07-18 13:41:02+00:00,btc_mxn,1149999.98,1150000.02,0.0
2024-07-18 13:41:03+00:00,btc_mxn,1149999.98,1150000.02,0.0
2024-07-18 13:41:04+00:00,btc_mxn,1149999.98,1150000.02,0.0
2024-07-18 13:41:05+00:00,btc_mxn,1149999.98,1150000.02,0.0
2024-07-18 13:41:07+00:00,btc_mxn,1152739.98,1152740.02,0.0
2024-07-18 13:41:08+00:00,btc_mxn,1152739.98,1152740.02,0.0
2024-07-18 13:41:09+00:00,btc_mxn,1152739.98,1152740.02,0.0
2024-07-18 13:41:10+00:00,btc_mxn,1152739.98,1152740.02,0.0
2024-07-18 13:41:11+00:00,btc_mxn,1152739.98,1152740.02,0.0
2024-07-18 13:41:12+00:00,btc_mxn,1152739.98,1152740.02,0.0
2024-07-18 13:41:13+00:00,btc_mxn,1152739.98,1152740.02,0.0
2024-07-18 13:41:14+00:00,btc_mxn,1152739.98,1152740.02,0.0
2024-07-18 13:41:15+00:00,btc_mxn,1152739.98,1152740.02,0.0
2024-07-18 13:41:16+00:00,btc_mxn,1152739.98,1152740.02,0.0
2024-07-18 13:41:17+00:00,btc_mxn,1152739.98,1152740.02,0.0
2024-07-18 13:41:18+00:00,btc_mxn,1152739.98,1152740.02,0.0
2024-07-18 13:41:19+00:00,btc_mxn,1152739.98,1152740.02,0.0
2024-07-18 13:41:20+00:00,btc_mxn,1152739.98,1152740.02,0.0
2024-07-18 13:41:21+00:00,btc_mxn,1152739.98,1152740.02,0.0
2024-07-18 13:41:22+00:00,btc_mxn,1152739.98,1152740.02,0.0
2024-07-18 13:41:23+00:00,btc_mxn,1152739.98,1152740.02,0.0
2024-07-18 13:41:24+00:00,btc_mxn,1152739.98,1152740.02,0.0
2024-07-18 13:41:25+00:00,btc_mxn,1152739.98,1152740.02,0.0
2024-07-18 13:41:26+00:00,btc_mxn,1152739.98,1152740.02,0.0
2024-07-18 13:41:27+00:00,btc_mxn,1152739.98,1152740.02,0.0
2024-07-18 13:41:28+00:00,btc_mxn,1152739.98,1152740.02,0.0
2024-07-18 13:41:29+00:00,btc_mxn,1152739.98,1152740.02,0.0
2024-07-18 13:41:30+00:00,btc_mxn,1152739.98,1152740.02,0.0
2024-07-18 13:41:31+00:00,btc_mxn,1152739.98,1152740.02,0.0
2024-07-18 13:41:32+00:00,btc_mxn,1152739.98,1152740.02,0.0
2024-07-18 13:41:33+00:00,btc_mxn,1152739.98,1152740.02,0.0
2024-07-18 13:41:34+00:00,btc_mxn,1152739.98,1152740.02,0.0
2024-07-18 13:41:35+00:00,btc_mxn,1152739.98,1152740.02,0.0
2024-07-18 13:41:36+00:00,btc_mxn,1152739.98,1152740.02,0.0
2024-07-18 13:41:37+00:00,btc_mxn,1152739.98,1152740.02,0.0
2024-07-18 13:41:38+00:00,btc_mxn,1152739.98,1152740.02,0.0
2024-07-18 13:41:39+00:00,btc_mxn,1152739.98,1152740.02,0.0
2024-07-18 13:41:40+00:00,btc_mxn,1152739.98,1152740.02,0.0
2024-07-18 13:41:41+00:00,btc_mxn,1152739.98,1152740.02,0.0
2024-07-18 13:41:42+00:00,btc_mxn,1152739.98,1152740.02,0.0
2024-07-18 13:41:43+00:00,btc_mxn,1152739.98,1152740.02,0.0
