orderbook_timestamp,book,bid,ask,spread
2024-07-18 15:44:15+00:00,btc_mxn,1136659.98,1136660.02,0.0
2024-07-18 15:44:16+00:00,btc_mxn,1136659.98,1136660.02,0.0
2024-07-18 15:44:17+00:00,btc_mxn,1136659.98,1136660.02,0.0
2024-07-18 15:44:18+00:00,btc_mxn,1136659.98,1136660.02,0.0
2024-07-18 15:44:19+00:00,btc_mxn,1136659.98,1136660.02,0.0
2024-07-18 15:44:20+00:00,btc_mxn,1136659.98,1136660.02,0.0
2024-07-18 15:44:21+00:00,btc_mxn,1136659.98,1136660.02,0.0
2024-07-18 15:44:22+00:00,btc_mxn,1136659.98,1136660.02,0.0
2024-07-18 15:44:23+00:00,btc_mxn,1136659.98,1136660.02,0.0
2024-07-18 15:44:24+00:00,btc_mxn,1136659.98,1136660.02,0.0
2024-07-18 15:44:25+00:00,btc_mxn,1136659.98,1136660.02,0.0
2024-07-18 15:44:26+00:00,btc_mxn,1136659.98,1136660.02,0.0
2024-07-18 15:44:27+00:00,btc_mxn,1136659.98,1136660.02,0.0
2024-07-18 15:44:28+00:00,btc_mxn,1136659.98,1136660.02,0.0
2024-07-18 15:44:29+00:00,btc_mxn,1136659.98,1136660.02,0.0
2024-07-18 15:44:30+00:00,btc_mxn,1136659.98,1136660.02,0.0
2024-07-18 15:44:31+00:00,btc_mxn,1136659.98,1136660.02,0.0
2024-07-18 15:44:32+00:00,btc_mxn,1136659.98,1136660.02,0.0
2024-07-18 15:44:33+00:00,btc_mxn,1136659.98,1136660.02,0.0
2024-07-18 15:44:34+00:00,btc_mxn,1136659.98,1136660.02,0.0
2024-07-18 15:44:36+00:00,btc_mxn,1136659.98,1136660.02,0.0
2024-07-18 15:44:37+00:00,btc_mxn,1136659.98,1136660.02,0.0
2024-07-18 15:44:37+00:00,btc_mxn,1136659.98,1136660.02,0.0
2024-07-18 15:44:39+00:00,btc_mxn,1136659.98,1136660.02,0.0
2024-07-18 15:44:39+00:00,btc_mxn,1136659.98,1136660.02,0.0
2024-07-18 15:44:40+00:00,btc_mxn,1136659.98,1136660.02,0.0
2024-07-18 15:44:42+00:00,btc_mxn,1136659.98,1136660.02,0.0
2024-07-18 15:44:42+00:00,btc_mxn,1136659.98,1136660.02,0.0
2024-07-18 15:44:44+00:00,btc_mxn,1136659.98,1136660.02,0.0
2024-07-18 15:44:44+00:00,btc_mxn,1136659.98,1136660.02,0.0
2024-07-18 15:44:46+00:00,btc_mxn,1136659.98,1136660.02,0.0
2024-07-18 15:44:47+00:00,btc_mxn,1136659.98,1136660.02,0.0
2024-07-18 15:44:48+00:00,btc_mxn,1136659.98,1136660.02,0.0
2024-07-18 15:44:49+00:00,btc_mxn,1136659.98,1136660.02,0.0
2024-07-18 15:44:50+00:00,btc_mxn,1136659.98,1136660.02,0.0
2024-07-18 15:44:51+00:00,btc_mxn,1136659.98,1136660.02,0.0
2024-07-18 15:44:52+00:00,btc_mxn,1136659.98,1136660.02,0.0
2024-07-18 15:44:53+00:00,btc_mxn,1136659.98,1136660.02,0.0
2024-07-18 15:44:54+00:00,btc_mxn,1136659.98,1136660.02,0.0
2024-07-18 15:44:55+00:00,btc_mxn,1136659.98,1136660.02,0.0
2024-07-18 15:44:56+00:00,btc_mxn,1136659.98,1136660.02,0.0
2024-07-18 15:44:57+00:00,btc_mxn,1136659.98,1136660.02,0.0
2024-07-18 15:44:58+00:00,btc_mxn,1136659.98,1136660.02,0.0
2024-07-18 15:44:59+00:00,btc_mxn,1136659.98,1136660.02,0.0
2024-07-18 15:45:00+00:00,btc_mxn,1136659.98,1136660.02,0.0
2024-07-18 15:45:01+00:00,btc_mxn,1136659.98,1136660.02,0.0
2024-07-18 15:45:02+00:00,btc_mxn,1136659.98,1136660.02,0.0
2024-07-18 15:45:03+00:00,btc_mxn,1136659.98,1136660.02,0.0
2024-07-18 15:45:04+00:00,btc_mxn,1136659.98,1136660.02,0.0
2024-07-18 15:45:05+00:00,btc_mxn,1136659.98,1136660.02,0.0
2024-07-18 15:45:06+00:00,btc_mxn,1136659.98,1136660.02,0.0
2024-07-18 15:45:07+00:00,btc_mxn,1136659.98,1136660.02,0.0
2024-07-18 15:45:08+00:00,btc_mxn,1136659.98,1136660.02,0.0
2024-07-18 15:45:09+00:00,btc_mxn,1136659.98,1136660.02,0.0
2024-07-18 15:45:10+00:00,btc_mxn,1136659.98,1136660.02,0.0
2024-07-18 15:45:11+00:00,btc_mxn,1136659.98,1136660.02,0.0
2024-07-18 15:45:12+00:00,btc_mxn,1136659.98,1136660.02,0.0
2024-07-18 15:45:13+00:00,btc_mxn,1136659.98,1136660.02,0.0
2024-07-18 15:45:14+00:00,btc_mxn,1136659.98,1136660.02,0.0
2024-07-18 15:45:15+00:00,btc_mxn,1136659.98,1136660.02,0.0
2024-07-18 15:45:16+00:00,btc_mxn,1136659.98,1136660.02,0.0
2024-07-18 15:45:17+00:00,btc_mxn,1136659.98,1136660.02,0.0
2024-07-18 15:45:18+00:00,btc_mxn,1136659.98,1136660.02,0.0
2024-07-18 15:45:19+00:00,btc_mxn,1136659.98,1136660.02,0.0
2024-07-18 15:45:20+00:00,btc_mxn,1136659.98,1136660.02,0.0
2024-07-18 15:45:21+00:00,btc_mxn,1136659.98,1136660.02,0.0
2024-07-18 15:45:22+00:00,btc_mxn,1136659.98,1136660.02,0.0
2024-07-18 15:45:23+00:00,btc_mxn,1136659.98,1136660.02,0.0
2024-07-18 15:45:24+00:00,btc_mxn,1136659.98,1136660.02,0.0
2024-07-18 15:45:25+00:00,btc_mxn,1136659.98,1136660.02,0.0
2024-07-18 15:45:26+00:00,btc_mxn,1136659.98,1136660.02,0.0
2024-07-18 15:45:27+00:00,btc_mxn,1136659.98,1136660.02,0.0
2024-07-18 15:45:28+00:00,btc_mxn,1136659.98,1136660.02,0.0
2024-07-18 15:45:29+00:00,btc_mxn,1136659.98,1136660.02,0.0
2024-07-18 15:45:30+00:00,btc_mxn,1136659.98,1136660.02,0.0
2024-07-18 15:45:31+00:00,btc_mxn,1136659.98,1136660.02,0.0
2024-07-18 15:45:32+00:00,btc_mxn,1136659.98,1136660.02,0.0
2024-07-18 15:45:33+00:00,btc_mxn,1136659.98,1136660.02,0.0
2024-07-18 15:45:34+00:00,btc_mxn,1136659.98,1136660.02,0.0
2024-07-18 15:45:35+00:00,btc_mxn,1136659.98,1136660.02,0.0
2024-07-18 15:45:36+00:00,btc_mxn,1136659.98,1136660.02,0.0
2024-07-18 15:45:37+00:00,btc_mxn,1136659.98,1136660.02,0.0
2024-07-18 15:45:38+00:00,btc_mxn,1136659.98,1136660.02,0.0
2024-07-18 15:45:40+00:00,btc_mxn,1136659.98,1136660.02,0.0
2024-07-18 15:45:40+00:00,btc_mxn,1136659.98,1136660.02,0.0
2024-07-18 15:45:41+00:00,btc_mxn,1136659.98,1136660.02,0.0
2024-07-18 15:45:43+00:00,btc_mxn,1136659.98,1136660.02,0.0
2024-07-18 15:45:43+00:00,btc_mxn,1136659.98,1136660.02,0.0
2024-07-18 15:45:45+00:00,btc_mxn,1136659.98,1136660.02,0.0
2024-07-18 15:45:46+00:00,btc_mxn,1136659.98,1136660.02,0.0
2024-07-18 15:45:47+00:00,btc_mxn,1136659.98,1136660.02,0.0
2024-07-18 15:45:48+00:00,btc_mxn,1136659.98,1136660.02,0.0
2024-07-18 15:45:49+00:00,btc_mxn,1136659.98,1136660.02,0.0
2024-07-18 15:45:50+00:00,btc_mxn,1136659.98,1136660.02,0.0
2024-07-18 15:45:51+00:00,btc_mxn,1136659.98,1136660.02,0.0
2024-07-18 15:45:52+00:00,btc_mxn,1136659.98,1136660.02,0.0
2024-07-18 15:45:53+00:00,btc_mxn,1136659.98,1136660.02,0.0
2024-07-18 15:45:54+00:00,btc_mxn,1136659.98,1136660.02,0.0
2024-07-18 15:45:55+00:00,btc_mxn,1136659.98,1136660.02,0.0
2024-07-18 15:45:56+00:00,btc_mxn,1136659.98,1136660.02,0.0
2024-07-18 15:45:57+00:00,btc_mxn,1136659.98,1136660.02,0.0
2024-07-18 15:45:58+00:00,btc_mxn,1136659.98,1136660.02,0.0
2024-07-18 15:45:59+00:00,btc_mxn,1136659.98,1136660.02,0.0
2024-07-18 15:46:00+00:00,btc_mxn,1136659.98,1136660.02,0.0
2024-07-18 15:46:01+00:00,btc_mxn,1136659.98,1136660.02,0.0
2024-07-18 15:46:02+00:00,btc_mxn,1136659.98,1136660.02,0.0
2024-07-18 15:46:03+00:00,btc_mxn,1136659.98,1136660.02,0.0
2024-07-18 15:46:04+00:00,btc_mxn,1136659.98,1136660.02,0.0
2024-07-18 15:46:05+00:00,btc_mxn,1137239.98,1137240.02,0.0
2024-07-18 15:46:06+00:00,btc_mxn,1137239.98,1137240.02,0.0
2024-07-18 15:46:07+00:00,btc_mxn,1137239.98,1137240.02,0.0
2024-07-18 15:46:08+00:00,btc_mxn,1137239.98,1137240.02,0.0
2024-07-18 15:46:09+00:00,btc_mxn,1137239.98,1137240.02,0.0
2024-07-18 15:46:10+00:00,btc_mxn,1137239.98,1137240.02,0.0
2024-07-18 15:46:11+00:00,btc_mxn,1137239.98,1137240.02,0.0
2024-07-18 15:46:12+00:00,btc_mxn,1137239.98,1137240.02,0.0
2024-07-18 15:46:13+00:00,btc_mxn,1137239.98,1137240.02,0.0
2024-07-18 15:46:14+00:00,btc_mxn,1137239.98,1137240.02,0.0
2024-07-18 15:46:15+00:00,btc_mxn,1137239.98,1137240.02,0.0
2024-07-18 15:46:16+00:00,btc_mxn,1137239.98,1137240.02,0.0
2024-07-18 15:46:17+00:00,btc_mxn,1137239.98,1137240.02,0.0
2024-07-18 15:46:18+00:00,btc_mxn,1137239.98,1137240.02,0.0
2024-07-18 15:46:19+00:00,btc_mxn,1137239.98,1137240.02,0.0
2024-07-18 15:46:20+00:00,btc_mxn,1137239.98,1137240.02,0.0
2024-07-18 15:46:21+00:00,btc_mxn,1137239.98,1137240.02,0.0
2024-07-18 15:46:22+00:00,btc_mxn,1137239.98,1137240.02,0.0
2024-07-18 15:46:23+00:00,btc_mxn,1137239.98,1137240.02,0.0
2024-07-18 15:46:24+00:00,btc_mxn,1137239.98,1137240.02,0.0
2024-07-18 15:46:25+00:00,btc_mxn,1137239.98,1137240.02,0.0
2024-07-18 15:46:26+00:00,btc_mxn,1137239.98,1137240.02,0.0
2024-07-18 15:46:27+00:00,btc_mxn,1137239.98,1137240.02,0.0
2024-07-18 15:46:28+00:00,btc_mxn,1137239.98,1137240.02,0.0
2024-07-18 15:46:29+00:00,btc_mxn,1137239.98,1137240.02,0.0
2024-07-18 15:46:30+00:00,btc_mxn,1137239.98,1137240.02,0.0
2024-07-18 15:46:31+00:00,btc_mxn,1137239.98,1137240.02,0.0
2024-07-18 15:46:32+00:00,btc_mxn,1137239.98,1137240.02,0.0
2024-07-18 15:46:33+00:00,btc_mxn,1137239.98,1137240.02,0.0
2024-07-18 15:46:34+00:00,btc_mxn,1137239.98,1137240.02,0.0
2024-07-18 15:46:35+00:00,btc_mxn,1137239.98,1137240.02,0.0
2024-07-18 15:46:36+00:00,btc_mxn,1137239.98,1137240.02,0.0
2024-07-18 15:46:37+00:00,btc_mxn,1137239.98,1137240.02,0.0
2024-07-18 15:46:38+00:00,btc_mxn,1137239.98,1137240.02,0.0
2024-07-18 15:46:39+00:00,btc_mxn,1137239.98,1137240.02,0.0
2024-07-18 15:46:40+00:00,btc_mxn,1137239.98,1137240.02,0.0
2024-07-18 15:46:41+00:00,btc_mxn,1137239.98,1137240.02,0.0
2024-07-18 15:46:42+00:00,btc_mxn,1137239.98,1137240.02,0.0
2024-07-18 15:46:43+00:00,btc_mxn,1137239.98,1137240.02,0.0
2024-07-18 15:46:44+00:00,btc_mxn,1137239.98,1137240.02,0.0
2024-07-18 15:46:45+00:00,btc_mxn,1137239.98,1137240.02,0.0
2024-07-18 15:46:46+00:00,btc_mxn,1137239.98,1137240.02,0.0
2024-07-18 15:46:48+00:00,btc_mxn,1137239.98,1137240.02,0.0
2024-07-18 15:46:49+00:00,btc_mxn,1137239.98,1137240.02,0.0
2024-07-18 15:46:50+00:00,btc_mxn,1137239.98,1137240.02,0.0
2024-07-18 15:46:51+00:00,btc_mxn,1137239.98,1137240.02,0.0
2024-07-18 15:46:52+00:00,btc_mxn,1137239.98,1137240.02,0.0
2024-07-18 15:46:53+00:00,btc_mxn,1137239.98,1137240.02,0.0
2024-07-18 15:46:54+00:00,btc_mxn,1137239.98,1137240.02,0.0
2024-07-18 15:46:55+00:00,btc_mxn,1137239.98,1137240.02,0.0
2024-07-18 15:46:56+00:00,btc_mxn,1137239.98,1137240.02,0.0
2024-07-18 15:46:57+00:00,btc_mxn,1137239.98,1137240.02,0.0
2024-07-18 15:46:58+00:00,btc_mxn,1137239.98,1137240.02,0.0
2024-07-18 15:46:59+00:00,btc_mxn,1137239.98,1137240.02,0.0
2024-07-18 15:47:00+00:00,btc_mxn,1137239.98,1137240.02,0.0
2024-07-18 15:47:01+00:00,btc_mxn,1137239.98,1137240.02,0.0
2024-07-18 15:47:02+00:00,btc_mxn,1137239.98,1137240.02,0.0
2024-07-18 15:47:03+00:00,btc_mxn,1137239.98,1137240.02,0.0
2024-07-18 15:47:04+00:00,btc_mxn,1137239.98,1137240.02,0.0
2024-07-18 15:47:05+00:00,btc_mxn,1137239.98,1137240.02,0.0
2024-07-18 15:47:06+00:00,btc_mxn,1137239.98,1137240.02,0.0
2024-07-18 15:47:07+00:00,btc_mxn,1137239.98,1137240.02,0.0
2024-07-18 15:47:08+00:00,btc_mxn,1137239.98,1137240.02,0.0
2024-07-18 15:47:09+00:00,btc_mxn,1137239.98,1137240.02,0.0
2024-07-18 15:47:10+00:00,btc_mxn,1137239.98,1137240.02,0.0
2024-07-18 15:47:11+00:00,btc_mxn,1137239.98,1137240.02,0.0
2024-07-18 15:47:12+00:00,btc_mxn,1137239.98,1137240.02,0.0
2024-07-18 15:47:13+00:00,btc_mxn,1137239.98,1137240.02,0.0
2024-07-18 15:47:14+00:00,btc_mxn,1137239.98,1137240.02,0.0
2024-07-18 15:47:15+00:00,btc_mxn,1137239.98,1137240.02,0.0
2024-07-18 15:47:16+00:00,btc_mxn,1137239.98,1137240.02,0.0
2024-07-18 15:47:17+00:00,btc_mxn,1137239.98,1137240.02,0.0
2024-07-18 15:47:18+00:00,btc_mxn,1137239.98,1137240.02,0.0
2024-07-18 15:47:19+00:00,btc_mxn,1137239.98,1137240.02,0.0
2024-07-18 15:47:20+00:00,btc_mxn,1137239.98,1137240.02,0.0
2024-07-18 15:47:21+00:00,btc_mxn,1137239.98,1137240.02,0.0
2024-07-18 15:47:22+00:00,btc_mxn,1137239.98,1137240.02,0.0
2024-07-18 15:47:23+00:00,btc_mxn,1137239.98,1137240.02,0.0
2024-07-18 15:47:24+00:00,btc_mxn,1137239.98,1137240.02,0.0
2024-07-18 15:47:25+00:00,btc_mxn,1137239.98,1137240.02,0.0
2024-07-18 15:47:26+00:00,btc_mxn,1137239.98,1137240.02,0.0
2024-07-18 15:47:27+00:00,btc_mxn,1137239.98,1137240.02,0.0
2024-07-18 15:47:28+00:00,btc_mxn,1137239.98,1137240.02,0.0
2024-07-18 15:47:29+00:00,btc_mxn,1137239.98,1137240.02,0.0
2024-07-18 15:47:30+00:00,btc_mxn,1137239.98,1137240.02,0.0
2024-07-18 15:47:31+00:00,btc_mxn,1137239.98,1137240.02,0.0
2024-07-18 15:47:32+00:00,btc_mxn,1137239.98,1137240.02,0.0
2024-07-18 15:47:33+00:00,btc_mxn,1137239.98,1137240.02,0.0
2024-07-18 15:47:34+00:00,btc_mxn,1137239.98,1137240.02,0.0
2024-07-18 15:47:35+00:00,btc_mxn,1137239.98,1137240.02,0.0
2024-07-18 15:47:36+00:00,btc_mxn,1137239.98,1137240.02,0.0
2024-07-18 15:47:37+00:00,btc_mxn,1137239.98,1137240.02,0.0
2024-07-18 15:47:38+00:00,btc_mxn,1137239.98,1137240.02,0.0
2024-07-18 15:47:39+00:00,btc_mxn,1137239.98,1137240.02,0.0
2024-07-18 15:47:40+00:00,btc_mxn,1137239.98,1137240.02,0.0
2024-07-18 15:47:41+00:00,btc_mxn,1137239.98,1137240.02,0.0
2024-07-18 15:47:43+00:00,btc_mxn,1137239.98,1137240.02,0.0
2024-07-18 15:47:44+00:00,btc_mxn,1137239.98,1137240.02,0.0
2024-07-18 15:47:45+00:00,btc_mxn,1137239.98,1137240.02,0.0
2024-07-18 15:47:45+00:00,btc_mxn,1137239.98,1137240.02,0.0
2024-07-18 15:47:47+00:00,btc_mxn,1137239.98,1137240.02,0.0
2024-07-18 15:47:48+00:00,btc_mxn,1137239.98,1137240.02,0.0
2024-07-18 15:47:49+00:00,btc_mxn,1137239.98,1137240.02,0.0
2024-07-18 15:47:50+00:00,btc_mxn,1137239.98,1137240.02,0.0
2024-07-18 15:47:51+00:00,btc_mxn,1137239.98,1137240.02,0.0
2024-07-18 15:47:52+00:00,btc_mxn,1137239.98,1137240.02,0.0
2024-07-18 15:47:53+00:00,btc_mxn,1137239.98,1137240.02,0.0
2024-07-18 15:47:54+00:00,btc_mxn,1137239.98,1137240.02,0.0
2024-07-18 15:47:55+00:00,btc_mxn,1137239.98,1137240.02,0.0
2024-07-18 15:47:56+00:00,btc_mxn,1137239.98,1137240.02,0.0
2024-07-18 15:47:57+00:00,btc_mxn,1137239.98,1137240.02,0.0
2024-07-18 15:47:58+00:00,btc_mxn,1137239.98,1137240.02,0.0
2024-07-18 15:47:59+00:00,btc_mxn,1137239.98,1137240.02,0.0
2024-07-18 15:48:00+00:00,btc_mxn,1137239.98,1137240.02,0.0
2024-07-18 15:48:01+00:00,btc_mxn,1137239.98,1137240.02,0.0
2024-07-18 15:48:02+00:00,btc_mxn,1137239.98,1137240.02,0.0
2024-07-18 15:48:03+00:00,btc_mxn,1137239.98,1137240.02,0.0
2024-07-18 15:48:04+00:00,btc_mxn,1137239.98,1137240.02,0.0
2024-07-18 15:48:05+00:00,btc_mxn,1137239.98,1137240.02,0.0
2024-07-18 15:48:06+00:00,btc_mxn,1137239.98,1137240.02,0.0
2024-07-18 15:48:07+00:00,btc_mxn,1137239.98,1137240.02,0.0
2024-07-18 15:48:08+00:00,btc_mxn,1137239.98,1137240.02,0.0
2024-07-18 15:48:09+00:00,btc_mxn,1137239.98,1137240.02,0.0
2024-07-18 15:48:10+00:00,btc_mxn,1137239.98,1137240.02,0.0
2024-07-18 15:48:11+00:00,btc_mxn,1137239.98,1137240.02,0.0
2024-07-18 15:48:12+00:00,btc_mxn,1137239.98,1137240.02,0.0
2024-07-18 15:48:13+00:00,btc_mxn,1137239.98,1137240.02,0.0
2024-07-18 15:48:14+00:00,btc_mxn,1137239.98,1137240.02,0.0
2024-07-18 15:48:15+00:00,btc_mxn,1137239.98,1137240.02,0.0
2024-07-18 15:48:16+00:00,btc_mxn,1137239.98,1137240.02,0.0
2024-07-18 15:48:17+00:00,btc_mxn,1137239.98,1137240.02,0.0
2024-07-18 15:48:18+00:00,btc_mxn,1137239.98,1137240.0,0.0
2024-07-18 15:48:19+00:00,btc_mxn,1137239.98,1137240.0,0.0
2024-07-18 15:48:20+00:00,btc_mxn,1137239.98,1137240.0,0.0
2024-07-18 15:48:21+00:00,btc_mxn,1137239.98,1137240.0,0.0
2024-07-18 15:48:22+00:00,btc_mxn,1137239.98,1137240.0,0.0
2024-07-18 15:48:23+00:00,btc_mxn,1137239.98,1137240.0,0.0
2024-07-18 15:48:24+00:00,btc_mxn,1137239.98,1137240.0,0.0
2024-07-18 15:48:25+00:00,btc_mxn,1137239.98,1137240.0,0.0
2024-07-18 15:48:26+00:00,btc_mxn,1137239.98,1137240.0,0.0
2024-07-18 15:48:27+00:00,btc_mxn,1137239.98,1137240.0,0.0
2024-07-18 15:48:28+00:00,btc_mxn,1137239.98,1137240.0,0.0
2024-07-18 15:48:29+00:00,btc_mxn,1137239.98,1137240.0,0.0
2024-07-18 15:48:30+00:00,btc_mxn,1137239.98,1137240.0,0.0
2024-07-18 15:48:31+00:00,btc_mxn,1137239.98,1137240.0,0.0
2024-07-18 15:48:32+00:00,btc_mxn,1137239.98,1137240.0,0.0
2024-07-18 15:48:33+00:00,btc_mxn,1137239.98,1137240.0,0.0
2024-07-18 15:48:34+00:00,btc_mxn,1137239.98,1137240.0,0.0
2024-07-18 15:48:35+00:00,btc_mxn,1137239.98,1137240.0,0.0
2024-07-18 15:48:36+00:00,btc_mxn,1137239.98,1137240.0,0.0
2024-07-18 15:48:37+00:00,btc_mxn,1137239.98,1137240.0,0.0
2024-07-18 15:48:38+00:00,btc_mxn,1137239.98,1137240.0,0.0
2024-07-18 15:48:39+00:00,btc_mxn,1137239.98,1137240.0,0.0
2024-07-18 15:48:40+00:00,btc_mxn,1137239.98,1137240.0,0.0
2024-07-18 15:48:41+00:00,btc_mxn,1137239.98,1137240.0,0.0
2024-07-18 15:48:43+00:00,btc_mxn,1137239.98,1137240.0,0.0
2024-07-18 15:48:44+00:00,btc_mxn,1137239.98,1137240.0,0.0
2024-07-18 15:48:45+00:00,btc_mxn,1137239.98,1137240.0,0.0
2024-07-18 15:48:46+00:00,btc_mxn,1137239.98,1137240.0,0.0
2024-07-18 15:48:47+00:00,btc_mxn,1137239.98,1137240.0,0.0
2024-07-18 15:48:48+00:00,btc_mxn,1137239.98,1137240.0,0.0
2024-07-18 15:48:49+00:00,btc_mxn,1137239.98,1137240.0,0.0
2024-07-18 15:48:50+00:00,btc_mxn,1137239.98,1137240.0,0.0
2024-07-18 15:48:51+00:00,btc_mxn,1137239.98,1137240.0,0.0
2024-07-18 15:48:52+00:00,btc_mxn,1137239.98,1137240.0,0.0
2024-07-18 15:48:53+00:00,btc_mxn,1137239.98,1137240.0,0.0
2024-07-18 15:48:54+00:00,btc_mxn,1137239.98,1137240.0,0.0
2024-07-18 15:48:55+00:00,btc_mxn,1137239.98,1137240.0,0.0
2024-07-18 15:48:56+00:00,btc_mxn,1137239.98,1137240.0,0.0
2024-07-18 15:48:57+00:00,btc_mxn,1137239.98,1137240.0,0.0
2024-07-18 15:48:58+00:00,btc_mxn,1137239.98,1137240.0,0.0
2024-07-18 15:48:59+00:00,btc_mxn,1137239.98,1137240.0,0.0
2024-07-18 15:49:00+00:00,btc_mxn,1137239.98,1137240.0,0.0
2024-07-18 15:49:01+00:00,btc_mxn,1137239.98,1137240.0,0.0
2024-07-18 15:49:02+00:00,btc_mxn,1137239.98,1137240.0,0.0
2024-07-18 15:49:03+00:00,btc_mxn,1137239.98,1137240.0,0.0
2024-07-18 15:49:04+00:00,btc_mxn,1137239.98,1137240.0,0.0
2024-07-18 15:49:05+00:00,btc_mxn,1137239.98,1137240.02,0.0
2024-07-18 15:49:06+00:00,btc_mxn,1137239.98,1137240.02,0.0
2024-07-18 15:49:07+00:00,btc_mxn,1137239.98,1137240.02,0.0
2024-07-18 15:49:08+00:00,btc_mxn,1137239.98,1137240.02,0.0
2024-07-18 15:49:09+00:00,btc_mxn,1137239.98,1137240.02,0.0
2024-07-18 15:49:10+00:00,btc_mxn,1137239.98,1137240.02,0.0
2024-07-18 15:49:11+00:00,btc_mxn,1137239.98,1137240.02,0.0
2024-07-18 15:49:12+00:00,btc_mxn,1137239.98,1137240.02,0.0
2024-07-18 15:49:13+00:00,btc_mxn,1135730.0,1136240.0,0.045
2024-07-18 15:49:14+00:00,btc_mxn,1135730.0,1136230.0,0.044
2024-07-18 15:49:15+00:00,btc_mxn,1135730.0,1136150.0,0.037
2024-07-18 15:49:16+00:00,btc_mxn,1134380.0,1136240.0,0.164
2024-07-18 15:49:17+00:00,btc_mxn,1134380.0,1136080.0,0.15
2024-07-18 15:49:18+00:00,btc_mxn,1134380.0,1136080.0,0.15
2024-07-18 15:49:19+00:00,btc_mxn,1134380.0,1135980.0,0.141
2024-07-18 15:49:20+00:00,btc_mxn,1134380.0,1135920.0,0.136
2024-07-18 15:49:21+00:00,btc_mxn,1133850.0,1135980.0,0.188
2024-07-18 15:49:22+00:00,btc_mxn,1133850.0,1135980.0,0.188
2024-07-18 15:49:23+00:00,btc_mxn,1133850.0,1135840.0,0.175
2024-07-18 15:49:24+00:00,btc_mxn,1133850.0,1135820.0,0.173
2024-07-18 15:49:25+00:00,btc_mxn,1133850.0,1136280.0,0.214
2024-07-18 15:49:26+00:00,btc_mxn,1133850.0,1136240.0,0.21
2024-07-18 15:49:27+00:00,btc_mxn,1133850.0,1136240.0,0.21
2024-07-18 15:49:28+00:00,btc_mxn,1133850.0,1136240.0,0.21
2024-07-18 15:49:29+00:00,btc_mxn,1133850.0,1136240.0,0.21
2024-07-18 15:49:30+00:00,btc_mxn,1133850.0,1136140.0,0.202
2024-07-18 15:49:31+00:00,btc_mxn,1133850.0,1136140.0,0.202
2024-07-18 15:49:32+00:00,btc_mxn,1133850.0,1136140.0,0.202
2024-07-18 15:49:33+00:00,btc_mxn,1133850.0,1136140.0,0.202
2024-07-18 15:49:34+00:00,btc_mxn,1133850.0,1136140.0,0.202
2024-07-18 15:49:35+00:00,btc_mxn,1133850.0,1136140.0,0.202
2024-07-18 15:49:36+00:00,btc_mxn,1133850.0,1136140.0,0.202
2024-07-18 15:49:37+00:00,btc_mxn,1133850.0,1136140.0,0.202
2024-07-18 15:49:38+00:00,btc_mxn,1133850.0,1136140.0,0.202
2024-07-18 15:49:40+00:00,btc_mxn,1133850.0,1136140.0,0.202
2024-07-18 15:49:40+00:00,btc_mxn,1133850.0,1136140.0,0.202
2024-07-18 15:49:42+00:00,btc_mxn,1133850.0,1136140.0,0.202
2024-07-18 15:49:43+00:00,btc_mxn,1133850.0,1136140.0,0.202
2024-07-18 15:49:44+00:00,btc_mxn,1133850.0,1136140.0,0.202
2024-07-18 15:49:45+00:00,btc_mxn,1133850.0,1136140.0,0.202
2024-07-18 15:49:46+00:00,btc_mxn,1133850.0,1136140.0,0.202
2024-07-18 15:49:47+00:00,btc_mxn,1133850.0,1136140.0,0.202
2024-07-18 15:49:48+00:00,btc_mxn,1133850.0,1136140.0,0.202
2024-07-18 15:49:49+00:00,btc_mxn,1133850.0,1136140.0,0.202
2024-07-18 15:49:50+00:00,btc_mxn,1133850.0,1136140.0,0.202
2024-07-18 15:49:51+00:00,btc_mxn,1133850.0,1136140.0,0.202
2024-07-18 15:49:52+00:00,btc_mxn,1133850.0,1136140.0,0.202
2024-07-18 15:49:53+00:00,btc_mxn,1133850.0,1136140.0,0.202
2024-07-18 15:49:54+00:00,btc_mxn,1133850.0,1136140.0,0.202
2024-07-18 15:49:55+00:00,btc_mxn,1133850.0,1136140.0,0.202
2024-07-18 15:49:56+00:00,btc_mxn,1133850.0,1136140.0,0.202
2024-07-18 15:49:57+00:00,btc_mxn,1133850.0,1136140.0,0.202
2024-07-18 15:49:58+00:00,btc_mxn,1133850.0,1136140.0,0.202
2024-07-18 15:49:59+00:00,btc_mxn,1133850.0,1136140.0,0.202
2024-07-18 15:50:00+00:00,btc_mxn,1133850.0,1136140.0,0.202
2024-07-18 15:50:01+00:00,btc_mxn,1133850.0,1136140.0,0.202
2024-07-18 15:50:02+00:00,btc_mxn,1133850.0,1136140.0,0.202
2024-07-18 15:50:03+00:00,btc_mxn,1132620.0,1135980.0,0.296
2024-07-18 15:50:04+00:00,btc_mxn,1020770.0,1135960.0,10.14
2024-07-18 15:50:05+00:00,btc_mxn,1134560.0,1135960.0,0.123
2024-07-18 15:50:06+00:00,btc_mxn,1134570.0,1135890.0,0.116
2024-07-18 15:50:07+00:00,btc_mxn,1134570.0,1135840.0,0.112
2024-07-18 15:50:08+00:00,btc_mxn,1134570.0,1135840.0,0.112
2024-07-18 15:50:09+00:00,btc_mxn,1134570.0,1135840.0,0.112
2024-07-18 15:50:10+00:00,btc_mxn,1134570.0,1135840.0,0.112
2024-07-18 15:50:11+00:00,btc_mxn,1134570.0,1135720.0,0.101
2024-07-18 15:50:12+00:00,btc_mxn,1134570.0,1135720.0,0.101
2024-07-18 15:50:13+00:00,btc_mxn,1134570.0,1135720.0,0.101
2024-07-18 15:50:14+00:00,btc_mxn,1134570.0,1135720.0,0.101
2024-07-18 15:50:15+00:00,btc_mxn,1134570.0,1135720.0,0.101
2024-07-18 15:50:16+00:00,btc_mxn,1134570.0,1135720.0,0.101
2024-07-18 15:50:17+00:00,btc_mxn,1134570.0,1135840.0,0.112
2024-07-18 15:50:18+00:00,btc_mxn,1134570.0,1135840.0,0.112
2024-07-18 15:50:19+00:00,btc_mxn,1134570.0,1135840.0,0.112
2024-07-18 15:50:20+00:00,btc_mxn,1134570.0,1135840.0,0.112
2024-07-18 15:50:21+00:00,btc_mxn,1134570.0,1135840.0,0.112
2024-07-18 15:50:22+00:00,btc_mxn,1134570.0,1135840.0,0.112
2024-07-18 15:50:23+00:00,btc_mxn,1134570.0,1135840.0,0.112
2024-07-18 15:50:24+00:00,btc_mxn,1134570.0,1135870.0,0.114
2024-07-18 15:50:25+00:00,btc_mxn,1134570.0,1135710.0,0.1
2024-07-18 15:50:26+00:00,btc_mxn,1134570.0,1135710.0,0.1
2024-07-18 15:50:27+00:00,btc_mxn,1134570.0,1135710.0,0.1
2024-07-18 15:50:28+00:00,btc_mxn,1134570.0,1135710.0,0.1
2024-07-18 15:50:29+00:00,btc_mxn,1134570.0,1135710.0,0.1
2024-07-18 15:50:30+00:00,btc_mxn,1134570.0,1135870.0,0.114
2024-07-18 15:50:31+00:00,btc_mxn,1134570.0,1135870.0,0.114
2024-07-18 15:50:32+00:00,btc_mxn,1134570.0,1135870.0,0.114
2024-07-18 15:50:33+00:00,btc_mxn,1134570.0,1135870.0,0.114
2024-07-18 15:50:34+00:00,btc_mxn,1134570.0,1135870.0,0.114
2024-07-18 15:50:35+00:00,btc_mxn,1134570.0,1135870.0,0.114
2024-07-18 15:50:37+00:00,btc_mxn,1134570.0,1135870.0,0.114
2024-07-18 15:50:38+00:00,btc_mxn,1134570.0,1135870.0,0.114
2024-07-18 15:50:39+00:00,btc_mxn,1134570.0,1135870.0,0.114
2024-07-18 15:50:40+00:00,btc_mxn,1134570.0,1135870.0,0.114
2024-07-18 15:50:41+00:00,btc_mxn,1134570.0,1135870.0,0.114
2024-07-18 15:50:42+00:00,btc_mxn,1134570.0,1135870.0,0.114
2024-07-18 15:50:43+00:00,btc_mxn,1134570.0,1135870.0,0.114
2024-07-18 15:50:44+00:00,btc_mxn,1134570.0,1135870.0,0.114
2024-07-18 15:50:45+00:00,btc_mxn,1134570.0,1135870.0,0.114
2024-07-18 15:50:46+00:00,btc_mxn,1134570.0,1135870.0,0.114
2024-07-18 15:50:47+00:00,btc_mxn,1134570.0,1135870.0,0.114
2024-07-18 15:50:48+00:00,btc_mxn,1134570.0,1135870.0,0.114
2024-07-18 15:50:49+00:00,btc_mxn,1134570.0,1135870.0,0.114
2024-07-18 15:50:50+00:00,btc_mxn,1134570.0,1135870.0,0.114
2024-07-18 15:50:51+00:00,btc_mxn,1134570.0,1135870.0,0.114
2024-07-18 15:50:52+00:00,btc_mxn,1134570.0,1135870.0,0.114
2024-07-18 15:50:53+00:00,btc_mxn,1134570.0,1135870.0,0.114
2024-07-18 15:50:54+00:00,btc_mxn,1134570.0,1135870.0,0.114
2024-07-18 15:50:55+00:00,btc_mxn,1134570.0,1135870.0,0.114
2024-07-18 15:50:56+00:00,btc_mxn,1134570.0,1135870.0,0.114
2024-07-18 15:50:57+00:00,btc_mxn,1134570.0,1135870.0,0.114
2024-07-18 15:50:58+00:00,btc_mxn,1134570.0,1135870.0,0.114
2024-07-18 15:50:59+00:00,btc_mxn,1134570.0,1135050.0,0.042
2024-07-18 15:51:00+00:00,btc_mxn,1134560.0,1135050.0,0.043
2024-07-18 15:51:01+00:00,btc_mxn,1134560.0,1135050.0,0.043
2024-07-18 15:51:02+00:00,btc_mxn,1134560.0,1135050.0,0.043
2024-07-18 15:51:03+00:00,btc_mxn,1134560.0,1135050.0,0.043
2024-07-18 15:51:04+00:00,btc_mxn,1134029.98,1134030.02,0.0
2024-07-18 15:51:05+00:00,btc_mxn,1134029.98,1134030.02,0.0
2024-07-18 15:51:06+00:00,btc_mxn,1134029.98,1134030.02,0.0
2024-07-18 15:51:07+00:00,btc_mxn,1134029.98,1134030.02,0.0
2024-07-18 15:51:08+00:00,btc_mxn,1134029.98,1134030.02,0.0
2024-07-18 15:51:09+00:00,btc_mxn,1134029.98,1134030.02,0.0
2024-07-18 15:51:10+00:00,btc_mxn,1134029.98,1134030.02,0.0
2024-07-18 15:51:11+00:00,btc_mxn,1134029.98,1134030.02,0.0
2024-07-18 15:51:12+00:00,btc_mxn,1134029.98,1134030.02,0.0
2024-07-18 15:51:13+00:00,btc_mxn,1134029.98,1134030.02,0.0
2024-07-18 15:51:14+00:00,btc_mxn,1134029.98,1134030.02,0.0
2024-07-18 15:51:15+00:00,btc_mxn,1134029.98,1134030.02,0.0
2024-07-18 15:51:16+00:00,btc_mxn,1134029.98,1134030.02,0.0
2024-07-18 15:51:17+00:00,btc_mxn,1134029.98,1134030.02,0.0
2024-07-18 15:51:18+00:00,btc_mxn,1134029.98,1134030.02,0.0
2024-07-18 15:51:19+00:00,btc_mxn,1134029.98,1134030.02,0.0
2024-07-18 15:51:20+00:00,btc_mxn,1134029.98,1134030.02,0.0
2024-07-18 15:51:21+00:00,btc_mxn,1134029.98,1134030.02,0.0
2024-07-18 15:51:22+00:00,btc_mxn,1134029.98,1134030.02,0.0
2024-07-18 15:51:23+00:00,btc_mxn,1134029.98,1134030.02,0.0
2024-07-18 15:51:24+00:00,btc_mxn,1134029.98,1134030.02,0.0
2024-07-18 15:51:25+00:00,btc_mxn,1134029.98,1134030.02,0.0
2024-07-18 15:51:26+00:00,btc_mxn,1134029.98,1134030.02,0.0
2024-07-18 15:51:27+00:00,btc_mxn,1134029.98,1134030.02,0.0
2024-07-18 15:51:28+00:00,btc_mxn,1134029.98,1134030.02,0.0
2024-07-18 15:51:29+00:00,btc_mxn,1134029.98,1134030.02,0.0
2024-07-18 15:51:30+00:00,btc_mxn,1134029.98,1134030.02,0.0
2024-07-18 15:51:31+00:00,btc_mxn,1134029.98,1134030.02,0.0
2024-07-18 15:51:32+00:00,btc_mxn,1134029.98,1134030.02,0.0
2024-07-18 15:51:33+00:00,btc_mxn,1134029.98,1134030.02,0.0
2024-07-18 15:51:34+00:00,btc_mxn,1134029.98,1134030.02,0.0
2024-07-18 15:51:35+00:00,btc_mxn,1134029.98,1134030.02,0.0
2024-07-18 15:51:36+00:00,btc_mxn,1134029.98,1134030.02,0.0
2024-07-18 15:51:37+00:00,btc_mxn,1134029.98,1134030.02,0.0
2024-07-18 15:51:38+00:00,btc_mxn,1134029.98,1134030.02,0.0
2024-07-18 15:51:39+00:00,btc_mxn,1134029.98,1134030.02,0.0
2024-07-18 15:51:40+00:00,btc_mxn,1134029.98,1134030.02,0.0
2024-07-18 15:51:41+00:00,btc_mxn,1134029.98,1134030.02,0.0
2024-07-18 15:51:43+00:00,btc_mxn,1134029.98,1134030.02,0.0
2024-07-18 15:51:44+00:00,btc_mxn,1134029.98,1134030.02,0.0
2024-07-18 15:51:45+00:00,btc_mxn,1134029.98,1134030.02,0.0
2024-07-18 15:51:46+00:00,btc_mxn,1134029.98,1134030.02,0.0
2024-07-18 15:51:47+00:00,btc_mxn,1134029.98,1134030.02,0.0
2024-07-18 15:51:48+00:00,btc_mxn,1134029.98,1134030.02,0.0
2024-07-18 15:51:49+00:00,btc_mxn,1134029.98,1134030.02,0.0
2024-07-18 15:51:50+00:00,btc_mxn,1134029.98,1134030.02,0.0
2024-07-18 15:51:51+00:00,btc_mxn,1134029.98,1134030.02,0.0
2024-07-18 15:51:52+00:00,btc_mxn,1134029.98,1134030.02,0.0
2024-07-18 15:51:53+00:00,btc_mxn,1134029.98,1134030.02,0.0
2024-07-18 15:51:54+00:00,btc_mxn,1134029.98,1134030.02,0.0
2024-07-18 15:51:55+00:00,btc_mxn,1134029.98,1134030.02,0.0
2024-07-18 15:51:56+00:00,btc_mxn,1134029.98,1134030.02,0.0
2024-07-18 15:51:57+00:00,btc_mxn,1134029.98,1134030.02,0.0
2024-07-18 15:51:58+00:00,btc_mxn,1134029.98,1134030.02,0.0
2024-07-18 15:51:59+00:00,btc_mxn,1134029.98,1134030.02,0.0
2024-07-18 15:52:00+00:00,btc_mxn,1134029.98,1134030.02,0.0
2024-07-18 15:52:01+00:00,btc_mxn,1134029.98,1134030.02,0.0
2024-07-18 15:52:02+00:00,btc_mxn,1134029.98,1134030.02,0.0
2024-07-18 15:52:03+00:00,btc_mxn,1134029.98,1134030.02,0.0
2024-07-18 15:52:04+00:00,btc_mxn,1134029.98,1134030.02,0.0
2024-07-18 15:52:05+00:00,btc_mxn,1134029.98,1134030.02,0.0
2024-07-18 15:52:06+00:00,btc_mxn,1134029.98,1134030.02,0.0
2024-07-18 15:52:07+00:00,btc_mxn,1134029.98,1134030.02,0.0
2024-07-18 15:52:08+00:00,btc_mxn,1134029.98,1134030.02,0.0
2024-07-18 15:52:09+00:00,btc_mxn,1134029.98,1134030.02,0.0
2024-07-18 15:52:10+00:00,btc_mxn,1134029.98,1134030.02,0.0
2024-07-18 15:52:11+00:00,btc_mxn,1134029.98,1134030.02,0.0
2024-07-18 15:52:12+00:00,btc_mxn,1134029.98,1134030.02,0.0
2024-07-18 15:52:13+00:00,btc_mxn,1134029.98,1134030.02,0.0
2024-07-18 15:52:14+00:00,btc_mxn,1134029.98,1134030.02,0.0
2024-07-18 15:52:15+00:00,btc_mxn,1134029.98,1134030.02,0.0
2024-07-18 15:52:17+00:00,btc_mxn,1134029.98,1134030.02,0.0
2024-07-18 15:52:17+00:00,btc_mxn,1134029.98,1134030.02,0.0
2024-07-18 15:52:18+00:00,btc_mxn,1134029.98,1134030.02,0.0
2024-07-18 15:52:19+00:00,btc_mxn,1134029.98,1134030.02,0.0
2024-07-18 15:52:20+00:00,btc_mxn,1134029.98,1134030.02,0.0
2024-07-18 15:52:21+00:00,btc_mxn,1134029.98,1134030.02,0.0
2024-07-18 15:52:22+00:00,btc_mxn,1134029.98,1134030.02,0.0
2024-07-18 15:52:23+00:00,btc_mxn,1134029.98,1134030.02,0.0
2024-07-18 15:52:24+00:00,btc_mxn,1134029.98,1134030.02,0.0
2024-07-18 15:52:25+00:00,btc_mxn,1134029.98,1134030.02,0.0
2024-07-18 15:52:26+00:00,btc_mxn,1134029.98,1134030.02,0.0
2024-07-18 15:52:27+00:00,btc_mxn,1134029.98,1134030.02,0.0
2024-07-18 15:52:28+00:00,btc_mxn,1134029.98,1134030.02,0.0
2024-07-18 15:52:29+00:00,btc_mxn,1134029.98,1134030.02,0.0
2024-07-18 15:52:30+00:00,btc_mxn,1134029.98,1134030.02,0.0
2024-07-18 15:52:31+00:00,btc_mxn,1134029.98,1134030.02,0.0
2024-07-18 15:52:32+00:00,btc_mxn,1134029.98,1134030.02,0.0
2024-07-18 15:52:33+00:00,btc_mxn,1134029.98,1134030.02,0.0
2024-07-18 15:52:34+00:00,btc_mxn,1134029.98,1134030.02,0.0
2024-07-18 15:52:35+00:00,btc_mxn,1134029.98,1134030.02,0.0
2024-07-18 15:52:36+00:00,btc_mxn,1134029.98,1134030.02,0.0
2024-07-18 15:52:37+00:00,btc_mxn,1134029.98,1134030.02,0.0
2024-07-18 15:52:38+00:00,btc_mxn,1134029.98,1134030.02,0.0
2024-07-18 15:52:39+00:00,btc_mxn,1134029.98,1134030.02,0.0
2024-07-18 15:52:40+00:00,btc_mxn,1134029.98,1134030.02,0.0
2024-07-18 15:52:41+00:00,btc_mxn,1134029.98,1134030.02,0.0
2024-07-18 15:52:43+00:00,btc_mxn,1134029.98,1134030.02,0.0
2024-07-18 15:52:44+00:00,btc_mxn,1134029.98,1134030.02,0.0
2024-07-18 15:52:45+00:00,btc_mxn,1134029.98,1134030.02,0.0
2024-07-18 15:52:46+00:00,btc_mxn,1134029.98,1134030.02,0.0
2024-07-18 15:52:47+00:00,btc_mxn,1134029.98,1134030.02,0.0
2024-07-18 15:52:48+00:00,btc_mxn,1134029.98,1134030.02,0.0
2024-07-18 15:52:49+00:00,btc_mxn,1134029.98,1134030.02,0.0
2024-07-18 15:52:50+00:00,btc_mxn,1134029.98,1134030.02,0.0
2024-07-18 15:52:51+00:00,btc_mxn,1134029.98,1134030.02,0.0
2024-07-18 15:52:52+00:00,btc_mxn,1134029.98,1134030.02,0.0
2024-07-18 15:52:53+00:00,btc_mxn,1134029.98,1134030.02,0.0
2024-07-18 15:52:54+00:00,btc_mxn,1134029.98,1134030.02,0.0
2024-07-18 15:52:55+00:00,btc_mxn,1134029.98,1134030.02,0.0
2024-07-18 15:52:56+00:00,btc_mxn,1134029.98,1134030.02,0.0
2024-07-18 15:52:57+00:00,btc_mxn,1134029.98,1134030.02,0.0
2024-07-18 15:52:58+00:00,btc_mxn,1134029.98,1134030.02,0.0
2024-07-18 15:52:59+00:00,btc_mxn,1134029.98,1134030.02,0.0
2024-07-18 15:53:00+00:00,btc_mxn,1134029.98,1134030.02,0.0
2024-07-18 15:53:01+00:00,btc_mxn,1134029.98,1134030.02,0.0
2024-07-18 15:53:02+00:00,btc_mxn,1134029.98,1134030.02,0.0
2024-07-18 15:53:03+00:00,btc_mxn,1134029.98,1134030.02,0.0
2024-07-18 15:53:04+00:00,btc_mxn,1134029.98,1134030.02,0.0
2024-07-18 15:53:05+00:00,btc_mxn,1134029.98,1134030.02,0.0
2024-07-18 15:53:06+00:00,btc_mxn,1134029.98,1134030.02,0.0
2024-07-18 15:53:07+00:00,btc_mxn,1134029.98,1134030.02,0.0
2024-07-18 15:53:08+00:00,btc_mxn,1134029.98,1134030.02,0.0
2024-07-18 15:53:09+00:00,btc_mxn,1134029.98,1134030.02,0.0
2024-07-18 15:53:10+00:00,btc_mxn,1134029.98,1134030.02,0.0
2024-07-18 15:53:11+00:00,btc_mxn,1134029.98,1134030.02,0.0
2024-07-18 15:53:12+00:00,btc_mxn,1134029.98,1134030.02,0.0
2024-07-18 15:53:13+00:00,btc_mxn,1134029.98,1134030.02,0.0
2024-07-18 15:53:14+00:00,btc_mxn,1134029.98,1134030.02,0.0
2024-07-18 15:53:15+00:00,btc_mxn,1134029.98,1134030.02,0.0
2024-07-18 15:53:16+00:00,btc_mxn,1134029.98,1134030.02,0.0
2024-07-18 15:53:17+00:00,btc_mxn,1134029.98,1134030.02,0.0
2024-07-18 15:53:18+00:00,btc_mxn,1134029.98,1134030.02,0.0
2024-07-18 15:53:19+00:00,btc_mxn,1134029.98,1134030.02,0.0
2024-07-18 15:53:20+00:00,btc_mxn,1134029.98,1134030.02,0.0
2024-07-18 15:53:21+00:00,btc_mxn,1134029.98,1134030.02,0.0
2024-07-18 15:53:22+00:00,btc_mxn,1134029.98,1134030.0,0.0
2024-07-18 15:53:23+00:00,btc_mxn,1134029.98,1134030.02,0.0
2024-07-18 15:53:24+00:00,btc_mxn,1134029.98,1134030.02,0.0
2024-07-18 15:53:25+00:00,btc_mxn,1134029.98,1134030.02,0.0
2024-07-18 15:53:26+00:00,btc_mxn,1134029.98,1134030.02,0.0
2024-07-18 15:53:27+00:00,btc_mxn,1134029.98,1134030.02,0.0
2024-07-18 15:53:28+00:00,btc_mxn,1134029.98,1134030.02,0.0
2024-07-18 15:53:29+00:00,btc_mxn,1134029.98,1134030.02,0.0
2024-07-18 15:53:30+00:00,btc_mxn,1134029.98,1134030.02,0.0
2024-07-18 15:53:31+00:00,btc_mxn,1134029.98,1134030.02,0.0
2024-07-18 15:53:32+00:00,btc_mxn,1134029.98,1134030.02,0.0
2024-07-18 15:53:33+00:00,btc_mxn,1134029.98,1134030.02,0.0
2024-07-18 15:53:34+00:00,btc_mxn,1134029.98,1134030.02,0.0
2024-07-18 15:53:35+00:00,btc_mxn,1134029.98,1134030.02,0.0
2024-07-18 15:53:36+00:00,btc_mxn,1134029.98,1134030.02,0.0
2024-07-18 15:53:37+00:00,btc_mxn,1134029.98,1134030.02,0.0
2024-07-18 15:53:38+00:00,btc_mxn,1134029.98,1134030.02,0.0
2024-07-18 15:53:39+00:00,btc_mxn,1134029.98,1134030.02,0.0
2024-07-18 15:53:40+00:00,btc_mxn,1134029.98,1134030.02,0.0
2024-07-18 15:53:41+00:00,btc_mxn,1134029.98,1134030.02,0.0
2024-07-18 15:53:42+00:00,btc_mxn,1134029.98,1134030.02,0.0
2024-07-18 15:53:43+00:00,btc_mxn,1134029.98,1134030.02,0.0
2024-07-18 15:53:44+00:00,btc_mxn,1134029.98,1134030.02,0.0
2024-07-18 15:53:45+00:00,btc_mxn,1134029.98,1134030.02,0.0
2024-07-18 15:53:46+00:00,btc_mxn,1134029.98,1134030.02,0.0
2024-07-18 15:53:47+00:00,btc_mxn,1134029.98,1134030.02,0.0
2024-07-18 15:53:48+00:00,btc_mxn,1134029.98,1134030.02,0.0
2024-07-18 15:53:50+00:00,btc_mxn,1134029.98,1134030.02,0.0
2024-07-18 15:53:51+00:00,btc_mxn,1134029.98,1134030.02,0.0
2024-07-18 15:53:52+00:00,btc_mxn,1134029.98,1134030.02,0.0
2024-07-18 15:53:53+00:00,btc_mxn,1134029.98,1134030.02,0.0
2024-07-18 15:53:54+00:00,btc_mxn,1134029.98,1134030.02,0.0
2024-07-18 15:53:55+00:00,btc_mxn,1134029.98,1134030.02,0.0
2024-07-18 15:53:56+00:00,btc_mxn,1134029.98,1134030.02,0.0
2024-07-18 15:53:57+00:00,btc_mxn,1134029.98,1134030.02,0.0
2024-07-18 15:53:58+00:00,btc_mxn,1134029.98,1134030.02,0.0
2024-07-18 15:53:59+00:00,btc_mxn,1134029.98,1134030.02,0.0
2024-07-18 15:54:00+00:00,btc_mxn,1134029.98,1134030.02,0.0
2024-07-18 15:54:01+00:00,btc_mxn,1134029.98,1134030.02,0.0
2024-07-18 15:54:02+00:00,btc_mxn,1134029.98,1134030.02,0.0
2024-07-18 15:54:03+00:00,btc_mxn,1134029.98,1134030.02,0.0
2024-07-18 15:54:04+00:00,btc_mxn,1134029.98,1134030.02,0.0
2024-07-18 15:54:05+00:00,btc_mxn,1134029.98,1134030.02,0.0
2024-07-18 15:54:06+00:00,btc_mxn,1134029.98,1134030.02,0.0
2024-07-18 15:54:07+00:00,btc_mxn,1134029.98,1134030.02,0.0
2024-07-18 15:54:08+00:00,btc_mxn,1134029.98,1134030.02,0.0
2024-07-18 15:54:09+00:00,btc_mxn,1134029.98,1134030.02,0.0
2024-07-18 15:54:10+00:00,btc_mxn,1134029.98,1134030.02,0.0
2024-07-18 15:54:11+00:00,btc_mxn,1134029.98,1134030.02,0.0
2024-07-18 15:54:12+00:00,btc_mxn,1134029.98,1134030.02,0.0
2024-07-18 15:54:13+00:00,btc_mxn,1134029.98,1134030.02,0.0
2024-07-18 15:54:14+00:00,btc_mxn,1134029.98,1134030.02,0.0
2024-07-18 15:54:15+00:00,btc_mxn,1134029.98,1134030.02,0.0
2024-07-18 15:54:16+00:00,btc_mxn,1134029.98,1134030.02,0.0
2024-07-18 15:54:17+00:00,btc_mxn,1134029.98,1134030.02,0.0
2024-07-18 15:54:18+00:00,btc_mxn,1134029.98,1134030.02,0.0
2024-07-18 15:54:19+00:00,btc_mxn,1134029.98,1134030.02,0.0
2024-07-18 15:54:20+00:00,btc_mxn,1134029.98,1134030.02,0.0
2024-07-18 15:54:21+00:00,btc_mxn,1134029.98,1134030.02,0.0
2024-07-18 15:54:22+00:00,btc_mxn,1134029.98,1134030.02,0.0
2024-07-18 15:54:23+00:00,btc_mxn,1134029.98,1134030.02,0.0
2024-07-18 15:54:24+00:00,btc_mxn,1134029.98,1134030.02,0.0
