orderbook_timestamp,book,bid,ask,spread
2024-07-18 04:33:51+00:00,usd_mxn,17.71,17.73,0.113
2024-07-18 04:33:52+00:00,usd_mxn,17.71,17.73,0.113
2024-07-18 04:33:53+00:00,usd_mxn,17.71,17.73,0.113
2024-07-18 04:33:54+00:00,usd_mxn,17.71,17.73,0.113
2024-07-18 04:33:55+00:00,usd_mxn,17.71,17.73,0.113
2024-07-18 04:33:56+00:00,usd_mxn,17.71,17.73,0.113
2024-07-18 04:33:57+00:00,usd_mxn,17.71,17.73,0.113
2024-07-18 04:33:58+00:00,usd_mxn,17.71,17.73,0.113
2024-07-18 04:33:59+00:00,usd_mxn,17.71,17.73,0.113
2024-07-18 04:34:00+00:00,usd_mxn,17.71,17.73,0.113
2024-07-18 04:34:01+00:00,usd_mxn,17.71,17.73,0.113
2024-07-18 04:34:02+00:00,usd_mxn,17.71,17.73,0.113
2024-07-18 04:34:03+00:00,usd_mxn,17.71,17.73,0.113
2024-07-18 04:34:04+00:00,usd_mxn,17.71,17.73,0.113
2024-07-18 04:34:05+00:00,usd_mxn,17.71,17.73,0.113
2024-07-18 04:34:06+00:00,usd_mxn,17.71,17.73,0.113
2024-07-18 04:34:07+00:00,usd_mxn,17.71,17.73,0.113
2024-07-18 04:34:08+00:00,usd_mxn,17.71,17.73,0.113
2024-07-18 04:34:09+00:00,usd_mxn,17.71,17.73,0.113
2024-07-18 04:34:10+00:00,usd_mxn,17.71,17.73,0.113
2024-07-18 04:34:11+00:00,usd_mxn,17.71,17.73,0.113
2024-07-18 04:34:12+00:00,usd_mxn,17.71,17.73,0.113
2024-07-18 04:34:13+00:00,usd_mxn,17.71,17.73,0.113
2024-07-18 04:34:14+00:00,usd_mxn,17.71,17.73,0.113
2024-07-18 04:34:15+00:00,usd_mxn,17.71,17.73,0.113
2024-07-18 04:34:16+00:00,usd_mxn,17.71,17.73,0.113
2024-07-18 04:34:17+00:00,usd_mxn,17.71,17.73,0.113
2024-07-18 04:34:18+00:00,usd_mxn,17.71,17.73,0.113
2024-07-18 04:34:19+00:00,usd_mxn,17.71,17.73,0.113
2024-07-18 04:34:20+00:00,usd_mxn,17.71,17.73,0.113
2024-07-18 04:34:21+00:00,usd_mxn,17.71,17.73,0.113
2024-07-18 04:34:22+00:00,usd_mxn,17.71,17.73,0.113
2024-07-18 04:34:23+00:00,usd_mxn,17.71,17.73,0.113
2024-07-18 04:34:24+00:00,usd_mxn,17.71,17.73,0.113
2024-07-18 04:34:25+00:00,usd_mxn,17.71,17.73,0.113
2024-07-18 04:34:26+00:00,usd_mxn,17.71,17.73,0.113
2024-07-18 04:34:27+00:00,usd_mxn,17.71,17.73,0.113
2024-07-18 04:34:28+00:00,usd_mxn,17.71,17.73,0.113
2024-07-18 04:34:29+00:00,usd_mxn,17.71,17.73,0.113
2024-07-18 04:34:30+00:00,usd_mxn,17.71,17.73,0.113
2024-07-18 04:34:31+00:00,usd_mxn,17.71,17.73,0.113
2024-07-18 04:34:32+00:00,usd_mxn,17.71,17.73,0.113
2024-07-18 04:34:33+00:00,usd_mxn,17.71,17.73,0.113
2024-07-18 04:34:34+00:00,usd_mxn,17.71,17.73,0.113
2024-07-18 04:34:35+00:00,usd_mxn,17.71,17.73,0.113
2024-07-18 04:34:36+00:00,usd_mxn,17.71,17.73,0.113
2024-07-18 04:34:37+00:00,usd_mxn,17.71,17.73,0.113
2024-07-18 04:34:38+00:00,usd_mxn,17.71,17.73,0.113
2024-07-18 04:34:39+00:00,usd_mxn,17.71,17.73,0.113
2024-07-18 04:34:40+00:00,usd_mxn,17.71,17.73,0.113
2024-07-18 04:34:41+00:00,usd_mxn,17.71,17.73,0.113
2024-07-18 04:34:42+00:00,usd_mxn,17.71,17.73,0.113
2024-07-18 04:34:43+00:00,usd_mxn,17.71,17.73,0.113
2024-07-18 04:34:44+00:00,usd_mxn,17.71,17.73,0.113
2024-07-18 04:34:46+00:00,usd_mxn,17.71,17.73,0.113
2024-07-18 04:34:46+00:00,usd_mxn,17.71,17.73,0.113
2024-07-18 04:34:48+00:00,usd_mxn,17.71,17.73,0.113
2024-07-18 04:34:49+00:00,usd_mxn,17.71,17.73,0.113
2024-07-18 04:34:50+00:00,usd_mxn,17.71,17.73,0.113
2024-07-18 04:34:51+00:00,usd_mxn,17.71,17.73,0.113
2024-07-18 04:34:52+00:00,usd_mxn,17.71,17.73,0.113
2024-07-18 04:34:53+00:00,usd_mxn,17.71,17.73,0.113
2024-07-18 04:34:54+00:00,usd_mxn,17.71,17.73,0.113
2024-07-18 04:34:55+00:00,usd_mxn,17.71,17.73,0.113
2024-07-18 04:34:56+00:00,usd_mxn,17.71,17.73,0.113
2024-07-18 04:34:57+00:00,usd_mxn,17.71,17.73,0.113
2024-07-18 04:34:58+00:00,usd_mxn,17.72,17.73,0.056
2024-07-18 04:34:59+00:00,usd_mxn,17.72,17.73,0.056
2024-07-18 04:35:00+00:00,usd_mxn,17.72,17.73,0.056
2024-07-18 04:35:01+00:00,usd_mxn,17.72,17.73,0.056
2024-07-18 04:35:02+00:00,usd_mxn,17.72,17.73,0.056
2024-07-18 04:35:03+00:00,usd_mxn,17.72,17.73,0.056
2024-07-18 04:35:04+00:00,usd_mxn,17.72,17.73,0.056
2024-07-18 04:35:05+00:00,usd_mxn,17.72,17.73,0.056
2024-07-18 04:35:06+00:00,usd_mxn,17.72,17.73,0.056
2024-07-18 04:35:07+00:00,usd_mxn,17.72,17.73,0.056
2024-07-18 04:35:08+00:00,usd_mxn,17.72,17.73,0.056
2024-07-18 04:35:09+00:00,usd_mxn,17.72,17.73,0.056
2024-07-18 04:35:10+00:00,usd_mxn,17.72,17.73,0.056
2024-07-18 04:35:11+00:00,usd_mxn,17.72,17.73,0.056
2024-07-18 04:35:12+00:00,usd_mxn,17.72,17.73,0.056
2024-07-18 04:35:13+00:00,usd_mxn,17.72,17.73,0.056
2024-07-18 04:35:14+00:00,usd_mxn,17.72,17.73,0.056
2024-07-18 04:35:15+00:00,usd_mxn,17.72,17.73,0.056
2024-07-18 04:35:16+00:00,usd_mxn,17.72,17.73,0.056
2024-07-18 04:35:17+00:00,usd_mxn,17.72,17.73,0.056
2024-07-18 04:35:18+00:00,usd_mxn,17.72,17.73,0.056
2024-07-18 04:35:19+00:00,usd_mxn,17.72,17.73,0.056
2024-07-18 04:35:20+00:00,usd_mxn,17.72,17.73,0.056
2024-07-18 04:35:21+00:00,usd_mxn,17.72,17.73,0.056
2024-07-18 04:35:22+00:00,usd_mxn,17.72,17.73,0.056
2024-07-18 04:35:23+00:00,usd_mxn,17.72,17.73,0.056
2024-07-18 04:35:24+00:00,usd_mxn,17.72,17.73,0.056
2024-07-18 04:35:25+00:00,usd_mxn,17.72,17.73,0.056
2024-07-18 04:35:26+00:00,usd_mxn,17.72,17.73,0.056
2024-07-18 04:35:27+00:00,usd_mxn,17.72,17.73,0.056
2024-07-18 04:35:28+00:00,usd_mxn,17.72,17.73,0.056
2024-07-18 04:35:29+00:00,usd_mxn,17.72,17.73,0.056
2024-07-18 04:35:30+00:00,usd_mxn,17.72,17.73,0.056
2024-07-18 04:35:31+00:00,usd_mxn,17.72,17.73,0.056
2024-07-18 04:35:32+00:00,usd_mxn,17.72,17.73,0.056
2024-07-18 04:35:33+00:00,usd_mxn,17.72,17.73,0.056
2024-07-18 04:35:34+00:00,usd_mxn,17.72,17.73,0.056
2024-07-18 04:35:35+00:00,usd_mxn,17.72,17.73,0.056
2024-07-18 04:35:36+00:00,usd_mxn,17.72,17.73,0.056
2024-07-18 04:35:37+00:00,usd_mxn,17.72,17.73,0.056
2024-07-18 04:35:38+00:00,usd_mxn,17.72,17.73,0.056
2024-07-18 04:35:39+00:00,usd_mxn,17.72,17.73,0.056
2024-07-18 04:35:40+00:00,usd_mxn,17.72,17.73,0.056
2024-07-18 04:35:41+00:00,usd_mxn,17.72,17.73,0.056
2024-07-18 04:35:42+00:00,usd_mxn,17.72,17.73,0.056
2024-07-18 04:35:43+00:00,usd_mxn,17.72,17.73,0.056
2024-07-18 04:35:44+00:00,usd_mxn,17.72,17.73,0.056
2024-07-18 04:35:45+00:00,usd_mxn,17.72,17.73,0.056
2024-07-18 04:35:46+00:00,usd_mxn,17.72,17.73,0.056
2024-07-18 04:35:47+00:00,usd_mxn,17.72,17.73,0.056
2024-07-18 04:35:48+00:00,usd_mxn,17.72,17.73,0.056
2024-07-18 04:35:49+00:00,usd_mxn,17.72,17.73,0.056
2024-07-18 04:35:50+00:00,usd_mxn,17.72,17.73,0.056
2024-07-18 04:35:51+00:00,usd_mxn,17.72,17.73,0.056
2024-07-18 04:35:53+00:00,usd_mxn,17.72,17.73,0.056
2024-07-18 04:35:53+00:00,usd_mxn,17.72,17.73,0.056
2024-07-18 04:35:54+00:00,usd_mxn,17.72,17.73,0.056
2024-07-18 04:35:56+00:00,usd_mxn,17.72,17.73,0.056
2024-07-18 04:35:57+00:00,usd_mxn,17.72,17.73,0.056
2024-07-18 04:35:58+00:00,usd_mxn,17.72,17.73,0.056
2024-07-18 04:35:59+00:00,usd_mxn,17.72,17.73,0.056
2024-07-18 04:36:00+00:00,usd_mxn,17.72,17.73,0.056
2024-07-18 04:36:01+00:00,usd_mxn,17.72,17.73,0.056
2024-07-18 04:36:02+00:00,usd_mxn,17.72,17.73,0.056
2024-07-18 04:36:03+00:00,usd_mxn,17.71,17.73,0.113
2024-07-18 04:36:04+00:00,usd_mxn,17.71,17.73,0.113
2024-07-18 04:36:05+00:00,usd_mxn,17.71,17.73,0.113
2024-07-18 04:36:06+00:00,usd_mxn,17.71,17.73,0.113
2024-07-18 04:36:07+00:00,usd_mxn,17.71,17.73,0.113
2024-07-18 04:36:08+00:00,usd_mxn,17.71,17.73,0.113
2024-07-18 04:36:09+00:00,usd_mxn,17.71,17.73,0.113
2024-07-18 04:36:10+00:00,usd_mxn,17.71,17.73,0.113
2024-07-18 04:36:11+00:00,usd_mxn,17.71,17.73,0.113
2024-07-18 04:36:12+00:00,usd_mxn,17.71,17.73,0.113
2024-07-18 04:36:13+00:00,usd_mxn,17.71,17.73,0.113
2024-07-18 04:36:14+00:00,usd_mxn,17.71,17.73,0.113
2024-07-18 04:36:15+00:00,usd_mxn,17.71,17.73,0.113
2024-07-18 04:36:16+00:00,usd_mxn,17.71,17.73,0.113
2024-07-18 04:36:17+00:00,usd_mxn,17.71,17.73,0.113
2024-07-18 04:36:18+00:00,usd_mxn,17.71,17.73,0.113
2024-07-18 04:36:19+00:00,usd_mxn,17.71,17.73,0.113
2024-07-18 04:36:20+00:00,usd_mxn,17.71,17.73,0.113
2024-07-18 04:36:21+00:00,usd_mxn,17.71,17.73,0.113
2024-07-18 04:36:22+00:00,usd_mxn,17.71,17.73,0.113
2024-07-18 04:36:23+00:00,usd_mxn,17.71,17.73,0.113
2024-07-18 04:36:24+00:00,usd_mxn,17.71,17.73,0.113
2024-07-18 04:36:25+00:00,usd_mxn,17.71,17.73,0.113
2024-07-18 04:36:26+00:00,usd_mxn,17.71,17.73,0.113
2024-07-18 04:36:27+00:00,usd_mxn,17.71,17.73,0.113
2024-07-18 04:36:28+00:00,usd_mxn,17.71,17.73,0.113
2024-07-18 04:36:29+00:00,usd_mxn,17.71,17.73,0.113
2024-07-18 04:36:30+00:00,usd_mxn,17.71,17.73,0.113
2024-07-18 04:36:31+00:00,usd_mxn,17.71,17.73,0.113
2024-07-18 04:36:32+00:00,usd_mxn,17.71,17.73,0.113
2024-07-18 04:36:33+00:00,usd_mxn,17.71,17.73,0.113
2024-07-18 04:36:34+00:00,usd_mxn,17.71,17.73,0.113
2024-07-18 04:36:35+00:00,usd_mxn,17.71,17.73,0.113
2024-07-18 04:36:36+00:00,usd_mxn,17.71,17.73,0.113
2024-07-18 04:36:37+00:00,usd_mxn,17.71,17.73,0.113
2024-07-18 04:36:38+00:00,usd_mxn,17.71,17.73,0.113
2024-07-18 04:36:39+00:00,usd_mxn,17.71,17.73,0.113
2024-07-18 04:36:40+00:00,usd_mxn,17.71,17.73,0.113
2024-07-18 04:36:41+00:00,usd_mxn,17.71,17.73,0.113
2024-07-18 04:36:42+00:00,usd_mxn,17.71,17.73,0.113
2024-07-18 04:36:43+00:00,usd_mxn,17.71,17.73,0.113
2024-07-18 04:36:44+00:00,usd_mxn,17.71,17.73,0.113
2024-07-18 04:36:45+00:00,usd_mxn,17.71,17.73,0.113
2024-07-18 04:36:46+00:00,usd_mxn,17.71,17.73,0.113
2024-07-18 04:36:47+00:00,usd_mxn,17.71,17.73,0.113
2024-07-18 04:36:48+00:00,usd_mxn,17.71,17.73,0.113
2024-07-18 04:36:49+00:00,usd_mxn,17.71,17.73,0.113
2024-07-18 04:36:50+00:00,usd_mxn,17.71,17.73,0.113
2024-07-18 04:36:51+00:00,usd_mxn,17.71,17.73,0.113
2024-07-18 04:36:52+00:00,usd_mxn,17.72,17.73,0.056
2024-07-18 04:36:53+00:00,usd_mxn,17.72,17.73,0.056
2024-07-18 04:36:54+00:00,usd_mxn,17.72,17.73,0.056
2024-07-18 04:36:55+00:00,usd_mxn,17.72,17.73,0.056
2024-07-18 04:36:56+00:00,usd_mxn,17.72,17.73,0.056
2024-07-18 04:36:57+00:00,usd_mxn,17.72,17.73,0.056
2024-07-18 04:36:58+00:00,usd_mxn,17.72,17.73,0.056
2024-07-18 04:36:59+00:00,usd_mxn,17.72,17.73,0.056
2024-07-18 04:37:00+00:00,usd_mxn,17.72,17.73,0.056
2024-07-18 04:37:01+00:00,usd_mxn,17.72,17.73,0.056
2024-07-18 04:37:02+00:00,usd_mxn,17.72,17.73,0.056
2024-07-18 04:37:03+00:00,usd_mxn,17.72,17.73,0.056
2024-07-18 04:37:04+00:00,usd_mxn,17.72,17.73,0.056
2024-07-18 04:37:05+00:00,usd_mxn,17.72,17.73,0.056
2024-07-18 04:37:06+00:00,usd_mxn,17.72,17.73,0.056
2024-07-18 04:37:07+00:00,usd_mxn,17.72,17.73,0.056
2024-07-18 04:37:08+00:00,usd_mxn,17.72,17.73,0.056
2024-07-18 04:37:09+00:00,usd_mxn,17.72,17.73,0.056
2024-07-18 04:37:10+00:00,usd_mxn,17.72,17.73,0.056
2024-07-18 04:37:11+00:00,usd_mxn,17.72,17.73,0.056
2024-07-18 04:37:12+00:00,usd_mxn,17.72,17.73,0.056
2024-07-18 04:37:13+00:00,usd_mxn,17.72,17.73,0.056
2024-07-18 04:37:14+00:00,usd_mxn,17.72,17.73,0.056
2024-07-18 04:37:15+00:00,usd_mxn,17.72,17.73,0.056
2024-07-18 04:37:16+00:00,usd_mxn,17.72,17.73,0.056
2024-07-18 04:37:18+00:00,usd_mxn,17.72,17.73,0.056
2024-07-18 04:37:19+00:00,usd_mxn,17.72,17.73,0.056
2024-07-18 04:37:20+00:00,usd_mxn,17.72,17.73,0.056
2024-07-18 04:37:21+00:00,usd_mxn,17.72,17.73,0.056
2024-07-18 04:37:22+00:00,usd_mxn,17.72,17.73,0.056
2024-07-18 04:37:23+00:00,usd_mxn,17.72,17.73,0.056
2024-07-18 04:37:24+00:00,usd_mxn,17.72,17.73,0.056
2024-07-18 04:37:25+00:00,usd_mxn,17.72,17.73,0.056
2024-07-18 04:37:26+00:00,usd_mxn,17.72,17.73,0.056
2024-07-18 04:37:27+00:00,usd_mxn,17.72,17.73,0.056
2024-07-18 04:37:28+00:00,usd_mxn,17.72,17.73,0.056
2024-07-18 04:37:29+00:00,usd_mxn,17.72,17.73,0.056
2024-07-18 04:37:30+00:00,usd_mxn,17.72,17.73,0.056
2024-07-18 04:37:31+00:00,usd_mxn,17.72,17.73,0.056
2024-07-18 04:37:32+00:00,usd_mxn,17.72,17.73,0.056
2024-07-18 04:37:33+00:00,usd_mxn,17.72,17.73,0.056
2024-07-18 04:37:34+00:00,usd_mxn,17.72,17.73,0.056
2024-07-18 04:37:35+00:00,usd_mxn,17.72,17.73,0.056
2024-07-18 04:37:36+00:00,usd_mxn,17.72,17.73,0.056
2024-07-18 04:37:37+00:00,usd_mxn,17.72,17.73,0.056
2024-07-18 04:37:38+00:00,usd_mxn,17.72,17.73,0.056
2024-07-18 04:37:39+00:00,usd_mxn,17.72,17.73,0.056
2024-07-18 04:37:40+00:00,usd_mxn,17.72,17.73,0.056
2024-07-18 04:37:41+00:00,usd_mxn,17.72,17.73,0.056
2024-07-18 04:37:42+00:00,usd_mxn,17.72,17.73,0.056
2024-07-18 04:37:43+00:00,usd_mxn,17.72,17.73,0.056
2024-07-18 04:37:44+00:00,usd_mxn,17.72,17.73,0.056
2024-07-18 04:37:45+00:00,usd_mxn,17.72,17.73,0.056
2024-07-18 04:37:46+00:00,usd_mxn,17.72,17.73,0.056
2024-07-18 04:37:47+00:00,usd_mxn,17.72,17.73,0.056
2024-07-18 04:37:48+00:00,usd_mxn,17.72,17.73,0.056
2024-07-18 04:37:49+00:00,usd_mxn,17.72,17.73,0.056
2024-07-18 04:37:50+00:00,usd_mxn,17.72,17.73,0.056
2024-07-18 04:37:51+00:00,usd_mxn,17.72,17.73,0.056
2024-07-18 04:37:52+00:00,usd_mxn,17.72,17.73,0.056
2024-07-18 04:37:53+00:00,usd_mxn,17.72,17.73,0.056
2024-07-18 04:37:54+00:00,usd_mxn,17.72,17.73,0.056
2024-07-18 04:37:55+00:00,usd_mxn,17.72,17.73,0.056
2024-07-18 04:37:56+00:00,usd_mxn,17.72,17.73,0.056
2024-07-18 04:37:57+00:00,usd_mxn,17.72,17.73,0.056
2024-07-18 04:37:58+00:00,usd_mxn,17.72,17.73,0.056
2024-07-18 04:37:59+00:00,usd_mxn,17.72,17.73,0.056
2024-07-18 04:38:00+00:00,usd_mxn,17.72,17.73,0.056
2024-07-18 04:38:01+00:00,usd_mxn,17.72,17.73,0.056
2024-07-18 04:38:02+00:00,usd_mxn,17.72,17.73,0.056
2024-07-18 04:38:03+00:00,usd_mxn,17.72,17.73,0.056
2024-07-18 04:38:04+00:00,usd_mxn,17.72,17.73,0.056
2024-07-18 04:38:05+00:00,usd_mxn,17.72,17.73,0.056
2024-07-18 04:38:06+00:00,usd_mxn,17.72,17.73,0.056
2024-07-18 04:38:07+00:00,usd_mxn,17.72,17.73,0.056
2024-07-18 04:38:08+00:00,usd_mxn,17.72,17.73,0.056
2024-07-18 04:38:09+00:00,usd_mxn,17.72,17.73,0.056
2024-07-18 04:38:10+00:00,usd_mxn,17.72,17.73,0.056
2024-07-18 04:38:11+00:00,usd_mxn,17.72,17.73,0.056
2024-07-18 04:38:12+00:00,usd_mxn,17.72,17.73,0.056
2024-07-18 04:38:13+00:00,usd_mxn,17.72,17.73,0.056
2024-07-18 04:38:14+00:00,usd_mxn,17.72,17.73,0.056
2024-07-18 04:38:15+00:00,usd_mxn,17.72,17.73,0.056
2024-07-18 04:38:16+00:00,usd_mxn,17.72,17.73,0.056
2024-07-18 04:38:17+00:00,usd_mxn,17.72,17.73,0.056
2024-07-18 04:38:18+00:00,usd_mxn,17.72,17.73,0.056
2024-07-18 04:38:19+00:00,usd_mxn,17.72,17.73,0.056
2024-07-18 04:38:20+00:00,usd_mxn,17.72,17.73,0.056
2024-07-18 04:38:21+00:00,usd_mxn,17.72,17.73,0.056
2024-07-18 04:38:22+00:00,usd_mxn,17.72,17.73,0.056
2024-07-18 04:38:23+00:00,usd_mxn,17.72,17.73,0.056
2024-07-18 04:38:24+00:00,usd_mxn,17.72,17.73,0.056
2024-07-18 04:38:25+00:00,usd_mxn,17.72,17.73,0.056
2024-07-18 04:38:26+00:00,usd_mxn,17.72,17.73,0.056
2024-07-18 04:38:27+00:00,usd_mxn,17.72,17.73,0.056
2024-07-18 04:38:28+00:00,usd_mxn,17.72,17.73,0.056
2024-07-18 04:38:29+00:00,usd_mxn,17.72,17.73,0.056
2024-07-18 04:38:30+00:00,usd_mxn,17.72,17.73,0.056
2024-07-18 04:38:31+00:00,usd_mxn,17.72,17.73,0.056
2024-07-18 04:38:32+00:00,usd_mxn,17.72,17.73,0.056
2024-07-18 04:38:34+00:00,usd_mxn,17.72,17.73,0.056
2024-07-18 04:38:35+00:00,usd_mxn,17.72,17.73,0.056
2024-07-18 04:38:36+00:00,usd_mxn,17.72,17.73,0.056
2024-07-18 04:38:37+00:00,usd_mxn,17.72,17.73,0.056
2024-07-18 04:38:38+00:00,usd_mxn,17.72,17.73,0.056
2024-07-18 04:38:39+00:00,usd_mxn,17.72,17.73,0.056
2024-07-18 04:38:40+00:00,usd_mxn,17.72,17.73,0.056
2024-07-18 04:38:41+00:00,usd_mxn,17.72,17.73,0.056
2024-07-18 04:38:42+00:00,usd_mxn,17.72,17.73,0.056
2024-07-18 04:38:43+00:00,usd_mxn,17.72,17.73,0.056
2024-07-18 04:38:44+00:00,usd_mxn,17.72,17.73,0.056
2024-07-18 04:38:45+00:00,usd_mxn,17.72,17.73,0.056
2024-07-18 04:38:46+00:00,usd_mxn,17.72,17.73,0.056
2024-07-18 04:38:47+00:00,usd_mxn,17.72,17.73,0.056
2024-07-18 04:38:48+00:00,usd_mxn,17.72,17.73,0.056
2024-07-18 04:38:49+00:00,usd_mxn,17.72,17.73,0.056
2024-07-18 04:38:50+00:00,usd_mxn,17.72,17.73,0.056
2024-07-18 04:38:51+00:00,usd_mxn,17.72,17.73,0.056
2024-07-18 04:38:52+00:00,usd_mxn,17.72,17.73,0.056
2024-07-18 04:38:53+00:00,usd_mxn,17.72,17.73,0.056
2024-07-18 04:38:54+00:00,usd_mxn,17.72,17.73,0.056
2024-07-18 04:38:55+00:00,usd_mxn,17.72,17.73,0.056
2024-07-18 04:38:56+00:00,usd_mxn,17.72,17.73,0.056
2024-07-18 04:38:57+00:00,usd_mxn,17.72,17.73,0.056
2024-07-18 04:38:58+00:00,usd_mxn,17.72,17.73,0.056
2024-07-18 04:38:59+00:00,usd_mxn,17.72,17.73,0.056
2024-07-18 04:39:00+00:00,usd_mxn,17.72,17.73,0.056
2024-07-18 04:39:01+00:00,usd_mxn,17.72,17.73,0.056
2024-07-18 04:39:02+00:00,usd_mxn,17.72,17.73,0.056
2024-07-18 04:39:03+00:00,usd_mxn,17.72,17.73,0.056
2024-07-18 04:39:04+00:00,usd_mxn,17.72,17.73,0.056
2024-07-18 04:39:05+00:00,usd_mxn,17.72,17.73,0.056
2024-07-18 04:39:06+00:00,usd_mxn,17.72,17.73,0.056
2024-07-18 04:39:07+00:00,usd_mxn,17.72,17.73,0.056
2024-07-18 04:39:08+00:00,usd_mxn,17.72,17.73,0.056
2024-07-18 04:39:09+00:00,usd_mxn,17.72,17.73,0.056
2024-07-18 04:39:10+00:00,usd_mxn,17.72,17.73,0.056
2024-07-18 04:39:11+00:00,usd_mxn,17.72,17.73,0.056
2024-07-18 04:39:12+00:00,usd_mxn,17.72,17.73,0.056
2024-07-18 04:39:13+00:00,usd_mxn,17.72,17.73,0.056
2024-07-18 04:39:14+00:00,usd_mxn,17.72,17.73,0.056
2024-07-18 04:39:15+00:00,usd_mxn,17.72,17.73,0.056
2024-07-18 04:39:16+00:00,usd_mxn,17.72,17.73,0.056
2024-07-18 04:39:17+00:00,usd_mxn,17.72,17.73,0.056
2024-07-18 04:39:18+00:00,usd_mxn,17.72,17.73,0.056
2024-07-18 04:39:19+00:00,usd_mxn,17.72,17.73,0.056
2024-07-18 04:39:20+00:00,usd_mxn,17.72,17.73,0.056
2024-07-18 04:39:21+00:00,usd_mxn,17.72,17.73,0.056
2024-07-18 04:39:22+00:00,usd_mxn,17.72,17.73,0.056
2024-07-18 04:39:23+00:00,usd_mxn,17.72,17.73,0.056
2024-07-18 04:39:24+00:00,usd_mxn,17.72,17.73,0.056
2024-07-18 04:39:25+00:00,usd_mxn,17.72,17.73,0.056
2024-07-18 04:39:26+00:00,usd_mxn,17.72,17.73,0.056
2024-07-18 04:39:27+00:00,usd_mxn,17.72,17.73,0.056
2024-07-18 04:39:28+00:00,usd_mxn,17.72,17.73,0.056
2024-07-18 04:39:29+00:00,usd_mxn,17.72,17.73,0.056
2024-07-18 04:39:31+00:00,usd_mxn,17.72,17.73,0.056
2024-07-18 04:39:32+00:00,usd_mxn,17.72,17.73,0.056
2024-07-18 04:39:33+00:00,usd_mxn,17.72,17.73,0.056
2024-07-18 04:39:34+00:00,usd_mxn,17.72,17.73,0.056
2024-07-18 04:39:35+00:00,usd_mxn,17.72,17.73,0.056
2024-07-18 04:39:36+00:00,usd_mxn,17.72,17.73,0.056
2024-07-18 04:39:37+00:00,usd_mxn,17.72,17.73,0.056
2024-07-18 04:39:38+00:00,usd_mxn,17.72,17.73,0.056
2024-07-18 04:39:39+00:00,usd_mxn,17.72,17.73,0.056
2024-07-18 04:39:40+00:00,usd_mxn,17.72,17.73,0.056
2024-07-18 04:39:41+00:00,usd_mxn,17.72,17.73,0.056
2024-07-18 04:39:42+00:00,usd_mxn,17.72,17.73,0.056
2024-07-18 04:39:43+00:00,usd_mxn,17.72,17.73,0.056
2024-07-18 04:39:44+00:00,usd_mxn,17.72,17.73,0.056
2024-07-18 04:39:45+00:00,usd_mxn,17.72,17.73,0.056
2024-07-18 04:39:46+00:00,usd_mxn,17.72,17.73,0.056
2024-07-18 04:39:47+00:00,usd_mxn,17.72,17.73,0.056
2024-07-18 04:39:48+00:00,usd_mxn,17.72,17.73,0.056
2024-07-18 04:39:49+00:00,usd_mxn,17.72,17.73,0.056
2024-07-18 04:39:50+00:00,usd_mxn,17.72,17.73,0.056
2024-07-18 04:39:51+00:00,usd_mxn,17.72,17.73,0.056
2024-07-18 04:39:52+00:00,usd_mxn,17.72,17.73,0.056
2024-07-18 04:39:53+00:00,usd_mxn,17.72,17.73,0.056
2024-07-18 04:39:54+00:00,usd_mxn,17.72,17.73,0.056
2024-07-18 04:39:55+00:00,usd_mxn,17.72,17.73,0.056
2024-07-18 04:39:56+00:00,usd_mxn,17.72,17.73,0.056
2024-07-18 04:39:57+00:00,usd_mxn,17.72,17.73,0.056
2024-07-18 04:39:58+00:00,usd_mxn,17.72,17.73,0.056
2024-07-18 04:39:59+00:00,usd_mxn,17.72,17.73,0.056
2024-07-18 04:40:00+00:00,usd_mxn,17.72,17.73,0.056
2024-07-18 04:40:01+00:00,usd_mxn,17.72,17.73,0.056
2024-07-18 04:40:02+00:00,usd_mxn,17.72,17.73,0.056
2024-07-18 04:40:03+00:00,usd_mxn,17.72,17.73,0.056
2024-07-18 04:40:04+00:00,usd_mxn,17.72,17.73,0.056
2024-07-18 04:40:05+00:00,usd_mxn,17.72,17.73,0.056
2024-07-18 04:40:06+00:00,usd_mxn,17.72,17.73,0.056
2024-07-18 04:40:07+00:00,usd_mxn,17.72,17.73,0.056
2024-07-18 04:40:08+00:00,usd_mxn,17.72,17.73,0.056
2024-07-18 04:40:09+00:00,usd_mxn,17.72,17.73,0.056
2024-07-18 04:40:10+00:00,usd_mxn,17.72,17.73,0.056
2024-07-18 04:40:11+00:00,usd_mxn,17.72,17.73,0.056
2024-07-18 04:40:12+00:00,usd_mxn,17.72,17.73,0.056
2024-07-18 04:40:13+00:00,usd_mxn,17.72,17.73,0.056
2024-07-18 04:40:14+00:00,usd_mxn,17.72,17.73,0.056
2024-07-18 04:40:15+00:00,usd_mxn,17.72,17.73,0.056
2024-07-18 04:40:16+00:00,usd_mxn,17.72,17.73,0.056
2024-07-18 04:40:17+00:00,usd_mxn,17.72,17.73,0.056
2024-07-18 04:40:18+00:00,usd_mxn,17.72,17.73,0.056
2024-07-18 04:40:19+00:00,usd_mxn,17.72,17.73,0.056
2024-07-18 04:40:20+00:00,usd_mxn,17.72,17.73,0.056
2024-07-18 04:40:21+00:00,usd_mxn,17.72,17.73,0.056
2024-07-18 04:40:22+00:00,usd_mxn,17.72,17.73,0.056
2024-07-18 04:40:23+00:00,usd_mxn,17.72,17.73,0.056
2024-07-18 04:40:24+00:00,usd_mxn,17.72,17.73,0.056
2024-07-18 04:40:25+00:00,usd_mxn,17.72,17.73,0.056
2024-07-18 04:40:26+00:00,usd_mxn,17.72,17.73,0.056
2024-07-18 04:40:27+00:00,usd_mxn,17.72,17.73,0.056
2024-07-18 04:40:28+00:00,usd_mxn,17.72,17.73,0.056
2024-07-18 04:40:29+00:00,usd_mxn,17.72,17.73,0.056
2024-07-18 04:40:30+00:00,usd_mxn,17.72,17.73,0.056
2024-07-18 04:40:31+00:00,usd_mxn,17.72,17.73,0.056
2024-07-18 04:40:33+00:00,usd_mxn,17.72,17.73,0.056
2024-07-18 04:40:34+00:00,usd_mxn,17.72,17.73,0.056
2024-07-18 04:40:35+00:00,usd_mxn,17.72,17.73,0.056
2024-07-18 04:40:36+00:00,usd_mxn,17.72,17.73,0.056
2024-07-18 04:40:37+00:00,usd_mxn,17.72,17.73,0.056
2024-07-18 04:40:38+00:00,usd_mxn,17.72,17.73,0.056
2024-07-18 04:40:39+00:00,usd_mxn,17.72,17.73,0.056
2024-07-18 04:40:40+00:00,usd_mxn,17.72,17.73,0.056
2024-07-18 04:40:41+00:00,usd_mxn,17.72,17.73,0.056
2024-07-18 04:40:42+00:00,usd_mxn,17.72,17.73,0.056
2024-07-18 04:40:43+00:00,usd_mxn,17.72,17.73,0.056
2024-07-18 04:40:44+00:00,usd_mxn,17.72,17.73,0.056
2024-07-18 04:40:45+00:00,usd_mxn,17.72,17.73,0.056
2024-07-18 04:40:46+00:00,usd_mxn,17.72,17.73,0.056
2024-07-18 04:40:47+00:00,usd_mxn,17.72,17.73,0.056
2024-07-18 04:40:48+00:00,usd_mxn,17.72,17.73,0.056
2024-07-18 04:40:49+00:00,usd_mxn,17.72,17.73,0.056
2024-07-18 04:40:50+00:00,usd_mxn,17.72,17.73,0.056
2024-07-18 04:40:51+00:00,usd_mxn,17.72,17.73,0.056
2024-07-18 04:40:52+00:00,usd_mxn,17.72,17.73,0.056
2024-07-18 04:40:53+00:00,usd_mxn,17.72,17.73,0.056
2024-07-18 04:40:54+00:00,usd_mxn,17.72,17.73,0.056
2024-07-18 04:40:55+00:00,usd_mxn,17.72,17.73,0.056
2024-07-18 04:40:56+00:00,usd_mxn,17.72,17.73,0.056
2024-07-18 04:40:57+00:00,usd_mxn,17.72,17.73,0.056
2024-07-18 04:40:58+00:00,usd_mxn,17.72,17.73,0.056
2024-07-18 04:40:59+00:00,usd_mxn,17.72,17.73,0.056
2024-07-18 04:41:00+00:00,usd_mxn,17.72,17.73,0.056
2024-07-18 04:41:01+00:00,usd_mxn,17.72,17.73,0.056
2024-07-18 04:41:02+00:00,usd_mxn,17.72,17.73,0.056
2024-07-18 04:41:03+00:00,usd_mxn,17.72,17.73,0.056
2024-07-18 04:41:04+00:00,usd_mxn,17.72,17.73,0.056
2024-07-18 04:41:05+00:00,usd_mxn,17.72,17.73,0.056
2024-07-18 04:41:06+00:00,usd_mxn,17.72,17.73,0.056
2024-07-18 04:41:07+00:00,usd_mxn,17.72,17.73,0.056
2024-07-18 04:41:08+00:00,usd_mxn,17.72,17.73,0.056
2024-07-18 04:41:09+00:00,usd_mxn,17.72,17.73,0.056
2024-07-18 04:41:10+00:00,usd_mxn,17.72,17.73,0.056
2024-07-18 04:41:11+00:00,usd_mxn,17.72,17.73,0.056
2024-07-18 04:41:12+00:00,usd_mxn,17.72,17.73,0.056
2024-07-18 04:41:13+00:00,usd_mxn,17.72,17.73,0.056
2024-07-18 04:41:14+00:00,usd_mxn,17.72,17.73,0.056
2024-07-18 04:41:15+00:00,usd_mxn,17.72,17.73,0.056
2024-07-18 04:41:16+00:00,usd_mxn,17.72,17.73,0.056
2024-07-18 04:41:17+00:00,usd_mxn,17.72,17.73,0.056
2024-07-18 04:41:18+00:00,usd_mxn,17.72,17.73,0.056
2024-07-18 04:41:19+00:00,usd_mxn,17.72,17.73,0.056
2024-07-18 04:41:20+00:00,usd_mxn,17.72,17.73,0.056
2024-07-18 04:41:21+00:00,usd_mxn,17.72,17.73,0.056
2024-07-18 04:41:22+00:00,usd_mxn,17.72,17.73,0.056
2024-07-18 04:41:23+00:00,usd_mxn,17.72,17.73,0.056
2024-07-18 04:41:24+00:00,usd_mxn,17.72,17.73,0.056
2024-07-18 04:41:25+00:00,usd_mxn,17.72,17.73,0.056
2024-07-18 04:41:26+00:00,usd_mxn,17.72,17.73,0.056
2024-07-18 04:41:27+00:00,usd_mxn,17.72,17.73,0.056
2024-07-18 04:41:28+00:00,usd_mxn,17.72,17.73,0.056
2024-07-18 04:41:29+00:00,usd_mxn,17.72,17.73,0.056
2024-07-18 04:41:31+00:00,usd_mxn,17.72,17.73,0.056
2024-07-18 04:41:32+00:00,usd_mxn,17.72,17.73,0.056
2024-07-18 04:41:33+00:00,usd_mxn,17.72,17.73,0.056
2024-07-18 04:41:34+00:00,usd_mxn,17.72,17.73,0.056
2024-07-18 04:41:35+00:00,usd_mxn,17.72,17.73,0.056
2024-07-18 04:41:36+00:00,usd_mxn,17.72,17.73,0.056
2024-07-18 04:41:37+00:00,usd_mxn,17.72,17.73,0.056
2024-07-18 04:41:38+00:00,usd_mxn,17.72,17.73,0.056
2024-07-18 04:41:39+00:00,usd_mxn,17.72,17.73,0.056
2024-07-18 04:41:40+00:00,usd_mxn,17.72,17.73,0.056
2024-07-18 04:41:41+00:00,usd_mxn,17.72,17.73,0.056
2024-07-18 04:41:42+00:00,usd_mxn,17.72,17.73,0.056
2024-07-18 04:41:43+00:00,usd_mxn,17.72,17.73,0.056
2024-07-18 04:41:44+00:00,usd_mxn,17.72,17.73,0.056
2024-07-18 04:41:45+00:00,usd_mxn,17.72,17.73,0.056
2024-07-18 04:41:46+00:00,usd_mxn,17.72,17.73,0.056
2024-07-18 04:41:47+00:00,usd_mxn,17.72,17.73,0.056
2024-07-18 04:41:48+00:00,usd_mxn,17.72,17.73,0.056
2024-07-18 04:41:49+00:00,usd_mxn,17.72,17.73,0.056
2024-07-18 04:41:50+00:00,usd_mxn,17.72,17.73,0.056
2024-07-18 04:41:51+00:00,usd_mxn,17.72,17.73,0.056
2024-07-18 04:41:52+00:00,usd_mxn,17.72,17.73,0.056
2024-07-18 04:41:53+00:00,usd_mxn,17.72,17.73,0.056
2024-07-18 04:41:54+00:00,usd_mxn,17.72,17.73,0.056
2024-07-18 04:41:55+00:00,usd_mxn,17.72,17.73,0.056
2024-07-18 04:41:56+00:00,usd_mxn,17.72,17.73,0.056
2024-07-18 04:41:57+00:00,usd_mxn,17.72,17.73,0.056
2024-07-18 04:41:58+00:00,usd_mxn,17.72,17.73,0.056
2024-07-18 04:41:59+00:00,usd_mxn,17.72,17.73,0.056
2024-07-18 04:42:00+00:00,usd_mxn,17.72,17.73,0.056
2024-07-18 04:42:01+00:00,usd_mxn,17.72,17.73,0.056
2024-07-18 04:42:02+00:00,usd_mxn,17.72,17.73,0.056
2024-07-18 04:42:03+00:00,usd_mxn,17.72,17.73,0.056
2024-07-18 04:42:04+00:00,usd_mxn,17.72,17.73,0.056
2024-07-18 04:42:05+00:00,usd_mxn,17.72,17.73,0.056
2024-07-18 04:42:06+00:00,usd_mxn,17.72,17.73,0.056
2024-07-18 04:42:07+00:00,usd_mxn,17.72,17.73,0.056
2024-07-18 04:42:08+00:00,usd_mxn,17.72,17.73,0.056
2024-07-18 04:42:09+00:00,usd_mxn,17.72,17.73,0.056
2024-07-18 04:42:10+00:00,usd_mxn,17.72,17.73,0.056
2024-07-18 04:42:11+00:00,usd_mxn,17.72,17.73,0.056
2024-07-18 04:42:12+00:00,usd_mxn,17.72,17.73,0.056
2024-07-18 04:42:13+00:00,usd_mxn,17.72,17.73,0.056
2024-07-18 04:42:14+00:00,usd_mxn,17.72,17.73,0.056
2024-07-18 04:42:15+00:00,usd_mxn,17.72,17.73,0.056
2024-07-18 04:42:16+00:00,usd_mxn,17.72,17.73,0.056
2024-07-18 04:42:17+00:00,usd_mxn,17.72,17.73,0.056
2024-07-18 04:42:18+00:00,usd_mxn,17.72,17.73,0.056
2024-07-18 04:42:19+00:00,usd_mxn,17.72,17.73,0.056
2024-07-18 04:42:20+00:00,usd_mxn,17.72,17.73,0.056
2024-07-18 04:42:21+00:00,usd_mxn,17.72,17.73,0.056
2024-07-18 04:42:22+00:00,usd_mxn,17.72,17.73,0.056
2024-07-18 04:42:23+00:00,usd_mxn,17.72,17.73,0.056
2024-07-18 04:42:24+00:00,usd_mxn,17.72,17.73,0.056
2024-07-18 04:42:25+00:00,usd_mxn,17.72,17.73,0.056
2024-07-18 04:42:26+00:00,usd_mxn,17.72,17.73,0.056
2024-07-18 04:42:27+00:00,usd_mxn,17.72,17.73,0.056
2024-07-18 04:42:28+00:00,usd_mxn,17.72,17.73,0.056
2024-07-18 04:42:29+00:00,usd_mxn,17.72,17.73,0.056
2024-07-18 04:42:31+00:00,usd_mxn,17.72,17.73,0.056
2024-07-18 04:42:32+00:00,usd_mxn,17.72,17.73,0.056
2024-07-18 04:42:33+00:00,usd_mxn,17.72,17.73,0.056
2024-07-18 04:42:34+00:00,usd_mxn,17.72,17.73,0.056
2024-07-18 04:42:35+00:00,usd_mxn,17.72,17.73,0.056
2024-07-18 04:42:36+00:00,usd_mxn,17.72,17.73,0.056
2024-07-18 04:42:37+00:00,usd_mxn,17.72,17.73,0.056
2024-07-18 04:42:38+00:00,usd_mxn,17.72,17.73,0.056
2024-07-18 04:42:39+00:00,usd_mxn,17.72,17.73,0.056
2024-07-18 04:42:40+00:00,usd_mxn,17.72,17.73,0.056
2024-07-18 04:42:41+00:00,usd_mxn,17.72,17.73,0.056
2024-07-18 04:42:42+00:00,usd_mxn,17.72,17.73,0.056
2024-07-18 04:42:43+00:00,usd_mxn,17.72,17.73,0.056
2024-07-18 12:21:29+00:00,usd_mxn,17.68,17.7,0.113
2024-07-18 12:21:29+00:00,usd_mxn,17.68,17.7,0.113
2024-07-18 12:21:30+00:00,usd_mxn,17.68,17.7,0.113
2024-07-18 12:21:31+00:00,usd_mxn,17.68,17.7,0.113
2024-07-18 12:21:32+00:00,usd_mxn,17.68,17.7,0.113
2024-07-18 12:21:33+00:00,usd_mxn,17.68,17.7,0.113
2024-07-18 12:21:34+00:00,usd_mxn,17.68,17.7,0.113
2024-07-18 12:21:36+00:00,usd_mxn,17.68,17.7,0.113
2024-07-18 12:21:37+00:00,usd_mxn,17.68,17.7,0.113
2024-07-18 12:21:37+00:00,usd_mxn,17.68,17.7,0.113
2024-07-18 12:21:39+00:00,usd_mxn,17.68,17.7,0.113
2024-07-18 12:21:40+00:00,usd_mxn,17.68,17.7,0.113
2024-07-18 12:21:41+00:00,usd_mxn,17.68,17.7,0.113
2024-07-18 12:21:42+00:00,usd_mxn,17.68,17.7,0.113
2024-07-18 12:21:43+00:00,usd_mxn,17.68,17.7,0.113
2024-07-18 12:21:44+00:00,usd_mxn,17.68,17.7,0.113
2024-07-18 12:21:45+00:00,usd_mxn,17.68,17.7,0.113
2024-07-18 12:21:46+00:00,usd_mxn,17.68,17.7,0.113
2024-07-18 12:21:47+00:00,usd_mxn,17.68,17.7,0.113
2024-07-18 12:21:48+00:00,usd_mxn,17.68,17.7,0.113
2024-07-18 12:21:49+00:00,usd_mxn,17.68,17.7,0.113
2024-07-18 12:21:50+00:00,usd_mxn,17.68,17.7,0.113
2024-07-18 12:21:51+00:00,usd_mxn,17.68,17.7,0.113
2024-07-18 12:21:52+00:00,usd_mxn,17.68,17.7,0.113
2024-07-18 12:21:53+00:00,usd_mxn,17.68,17.7,0.113
2024-07-18 12:21:54+00:00,usd_mxn,17.68,17.7,0.113
2024-07-18 12:21:55+00:00,usd_mxn,17.68,17.7,0.113
2024-07-18 12:21:56+00:00,usd_mxn,17.68,17.7,0.113
2024-07-18 12:21:57+00:00,usd_mxn,17.68,17.7,0.113
2024-07-18 12:21:58+00:00,usd_mxn,17.68,17.7,0.113
2024-07-18 12:21:59+00:00,usd_mxn,17.68,17.7,0.113
2024-07-18 12:22:00+00:00,usd_mxn,17.68,17.7,0.113
2024-07-18 12:22:01+00:00,usd_mxn,17.68,17.7,0.113
2024-07-18 12:22:02+00:00,usd_mxn,17.68,17.7,0.113
2024-07-18 12:22:03+00:00,usd_mxn,17.68,17.7,0.113
2024-07-18 12:22:04+00:00,usd_mxn,17.68,17.7,0.113
2024-07-18 12:22:05+00:00,usd_mxn,17.68,17.7,0.113
2024-07-18 12:22:06+00:00,usd_mxn,17.68,17.7,0.113
2024-07-18 12:22:07+00:00,usd_mxn,17.68,17.7,0.113
2024-07-18 12:22:08+00:00,usd_mxn,17.68,17.7,0.113
2024-07-18 12:22:09+00:00,usd_mxn,17.68,17.7,0.113
2024-07-18 12:22:10+00:00,usd_mxn,17.68,17.7,0.113
2024-07-18 12:22:11+00:00,usd_mxn,17.68,17.7,0.113
2024-07-18 12:22:12+00:00,usd_mxn,17.68,17.7,0.113
2024-07-18 12:22:14+00:00,usd_mxn,17.68,17.7,0.113
2024-07-18 12:22:14+00:00,usd_mxn,17.68,17.7,0.113
2024-07-18 12:22:15+00:00,usd_mxn,17.68,17.7,0.113
2024-07-18 12:22:16+00:00,usd_mxn,17.68,17.7,0.113
2024-07-18 12:22:17+00:00,usd_mxn,17.68,17.7,0.113
2024-07-18 12:22:18+00:00,usd_mxn,17.68,17.7,0.113
2024-07-18 12:22:19+00:00,usd_mxn,17.68,17.7,0.113
2024-07-18 12:22:20+00:00,usd_mxn,17.68,17.7,0.113
2024-07-18 12:22:21+00:00,usd_mxn,17.68,17.7,0.113
2024-07-18 12:22:22+00:00,usd_mxn,17.68,17.7,0.113
2024-07-18 12:22:23+00:00,usd_mxn,17.68,17.7,0.113
2024-07-18 12:22:24+00:00,usd_mxn,17.68,17.7,0.113
2024-07-18 12:22:25+00:00,usd_mxn,17.68,17.7,0.113
2024-07-18 12:22:27+00:00,usd_mxn,17.68,17.7,0.113
2024-07-18 12:22:28+00:00,usd_mxn,17.68,17.7,0.113
2024-07-18 12:22:29+00:00,usd_mxn,17.68,17.7,0.113
2024-07-18 12:22:30+00:00,usd_mxn,17.68,17.7,0.113
2024-07-18 12:22:31+00:00,usd_mxn,17.68,17.7,0.113
2024-07-18 12:22:32+00:00,usd_mxn,17.68,17.7,0.113
2024-07-18 12:22:33+00:00,usd_mxn,17.68,17.7,0.113
2024-07-18 12:22:34+00:00,usd_mxn,17.68,17.7,0.113
2024-07-18 12:22:35+00:00,usd_mxn,17.68,17.7,0.113
2024-07-18 12:22:36+00:00,usd_mxn,17.68,17.7,0.113
2024-07-18 12:22:37+00:00,usd_mxn,17.68,17.7,0.113
2024-07-18 12:22:38+00:00,usd_mxn,17.68,17.7,0.113
2024-07-18 12:22:39+00:00,usd_mxn,17.68,17.7,0.113
2024-07-18 12:22:40+00:00,usd_mxn,17.68,17.7,0.113
2024-07-18 12:22:41+00:00,usd_mxn,17.68,17.7,0.113
2024-07-18 12:22:42+00:00,usd_mxn,17.68,17.7,0.113
2024-07-18 12:22:43+00:00,usd_mxn,17.68,17.7,0.113
2024-07-18 12:22:44+00:00,usd_mxn,17.68,17.7,0.113
