orderbook_timestamp,book,bid,ask,spread
2024-07-18 16:17:48+00:00,usd_mxn,17.82,17.83,0.056
2024-07-18 16:17:49+00:00,usd_mxn,17.82,17.83,0.056
2024-07-18 16:17:49+00:00,usd_mxn,17.82,17.83,0.056
2024-07-18 16:17:50+00:00,usd_mxn,17.82,17.83,0.056
2024-07-18 16:17:52+00:00,usd_mxn,17.82,17.83,0.056
2024-07-18 16:17:53+00:00,usd_mxn,17.82,17.83,0.056
2024-07-18 16:17:54+00:00,usd_mxn,17.82,17.83,0.056
2024-07-18 16:17:55+00:00,usd_mxn,17.82,17.83,0.056
2024-07-18 16:17:56+00:00,usd_mxn,17.82,17.83,0.056
2024-07-18 16:17:57+00:00,usd_mxn,17.82,17.83,0.056
2024-07-18 16:17:58+00:00,usd_mxn,17.82,17.83,0.056
2024-07-18 16:17:59+00:00,usd_mxn,17.82,17.83,0.056
2024-07-18 16:18:00+00:00,usd_mxn,17.82,17.83,0.056
2024-07-18 16:18:01+00:00,usd_mxn,17.82,17.83,0.056
2024-07-18 16:18:02+00:00,usd_mxn,17.82,17.83,0.056
2024-07-18 16:18:03+00:00,usd_mxn,17.82,17.83,0.056
2024-07-18 16:18:04+00:00,usd_mxn,17.82,17.83,0.056
2024-07-18 16:18:05+00:00,usd_mxn,17.82,17.83,0.056
2024-07-18 16:18:06+00:00,usd_mxn,17.82,17.83,0.056
2024-07-18 16:18:07+00:00,usd_mxn,17.82,17.83,0.056
2024-07-18 16:18:08+00:00,usd_mxn,17.82,17.83,0.056
2024-07-18 16:18:09+00:00,usd_mxn,17.82,17.83,0.056
2024-07-18 16:18:10+00:00,usd_mxn,17.82,17.83,0.056
2024-07-18 16:18:11+00:00,usd_mxn,17.82,17.83,0.056
2024-07-18 16:18:12+00:00,usd_mxn,17.82,17.83,0.056
2024-07-18 16:18:13+00:00,usd_mxn,17.82,17.83,0.056
2024-07-18 16:18:14+00:00,usd_mxn,17.82,17.83,0.056
2024-07-18 16:18:15+00:00,usd_mxn,17.82,17.83,0.056
2024-07-18 16:18:16+00:00,usd_mxn,17.82,17.83,0.056
2024-07-18 16:18:17+00:00,usd_mxn,17.82,17.83,0.056
2024-07-18 16:18:18+00:00,usd_mxn,17.82,17.83,0.056
2024-07-18 16:18:19+00:00,usd_mxn,17.82,17.83,0.056
2024-07-18 16:18:20+00:00,usd_mxn,17.82,17.83,0.056
2024-07-18 16:18:21+00:00,usd_mxn,17.82,17.83,0.056
2024-07-18 16:18:22+00:00,usd_mxn,17.82,17.83,0.056
2024-07-18 16:18:23+00:00,usd_mxn,17.82,17.83,0.056
2024-07-18 16:18:24+00:00,usd_mxn,17.82,17.83,0.056
2024-07-18 16:18:25+00:00,usd_mxn,17.82,17.83,0.056
2024-07-18 16:18:26+00:00,usd_mxn,17.82,17.83,0.056
2024-07-18 16:18:27+00:00,usd_mxn,17.82,17.83,0.056
2024-07-18 16:18:28+00:00,usd_mxn,17.82,17.83,0.056
2024-07-18 16:18:29+00:00,usd_mxn,17.82,17.83,0.056
2024-07-18 16:18:30+00:00,usd_mxn,17.82,17.83,0.056
2024-07-18 16:18:31+00:00,usd_mxn,17.82,17.83,0.056
2024-07-18 16:18:32+00:00,usd_mxn,17.82,17.83,0.056
2024-07-18 16:18:33+00:00,usd_mxn,17.82,17.83,0.056
2024-07-18 16:18:34+00:00,usd_mxn,17.82,17.83,0.056
2024-07-18 16:18:35+00:00,usd_mxn,17.82,17.83,0.056
2024-07-18 16:18:37+00:00,usd_mxn,17.82,17.83,0.056
2024-07-18 16:18:37+00:00,usd_mxn,17.82,17.83,0.056
2024-07-18 16:18:38+00:00,usd_mxn,17.82,17.83,0.056
2024-07-18 16:18:39+00:00,usd_mxn,17.82,17.83,0.056
2024-07-18 16:18:40+00:00,usd_mxn,17.82,17.83,0.056
2024-07-18 16:18:41+00:00,usd_mxn,17.82,17.83,0.056
2024-07-18 16:18:42+00:00,usd_mxn,17.82,17.83,0.056
2024-07-18 16:18:43+00:00,usd_mxn,17.82,17.83,0.056
2024-07-18 16:18:44+00:00,usd_mxn,17.82,17.83,0.056
2024-07-18 16:18:45+00:00,usd_mxn,17.82,17.83,0.056
2024-07-18 16:18:47+00:00,usd_mxn,17.82,17.83,0.056
2024-07-18 16:18:48+00:00,usd_mxn,17.82,17.83,0.056
2024-07-18 16:18:49+00:00,usd_mxn,17.82,17.83,0.056
2024-07-18 16:18:50+00:00,usd_mxn,17.82,17.83,0.056
2024-07-18 16:18:51+00:00,usd_mxn,17.82,17.83,0.056
2024-07-18 16:18:52+00:00,usd_mxn,17.82,17.83,0.056
2024-07-18 16:18:53+00:00,usd_mxn,17.82,17.83,0.056
2024-07-18 16:18:54+00:00,usd_mxn,17.82,17.83,0.056
2024-07-18 16:18:55+00:00,usd_mxn,17.82,17.83,0.056
2024-07-18 16:18:56+00:00,usd_mxn,17.82,17.83,0.056
2024-07-18 16:18:57+00:00,usd_mxn,17.82,17.83,0.056
2024-07-18 16:18:58+00:00,usd_mxn,17.82,17.83,0.056
2024-07-18 16:18:59+00:00,usd_mxn,17.82,17.83,0.056
2024-07-18 16:19:00+00:00,usd_mxn,17.82,17.83,0.056
2024-07-18 16:19:01+00:00,usd_mxn,17.82,17.83,0.056
2024-07-18 16:19:02+00:00,usd_mxn,17.82,17.83,0.056
2024-07-18 16:19:03+00:00,usd_mxn,17.82,17.83,0.056
2024-07-18 16:19:04+00:00,usd_mxn,17.82,17.83,0.056
2024-07-18 16:19:05+00:00,usd_mxn,17.82,17.83,0.056
2024-07-18 16:19:06+00:00,usd_mxn,17.82,17.83,0.056
2024-07-18 16:19:07+00:00,usd_mxn,17.82,17.83,0.056
2024-07-18 16:19:08+00:00,usd_mxn,17.82,17.83,0.056
2024-07-18 16:19:09+00:00,usd_mxn,17.82,17.83,0.056
2024-07-18 16:19:10+00:00,usd_mxn,17.82,17.83,0.056
2024-07-18 16:19:11+00:00,usd_mxn,17.82,17.83,0.056
2024-07-18 16:19:12+00:00,usd_mxn,17.82,17.83,0.056
2024-07-18 16:19:13+00:00,usd_mxn,17.82,17.83,0.056
2024-07-18 16:19:14+00:00,usd_mxn,17.82,17.83,0.056
2024-07-18 16:19:15+00:00,usd_mxn,17.82,17.83,0.056
2024-07-18 16:19:16+00:00,usd_mxn,17.82,17.83,0.056
2024-07-18 16:19:17+00:00,usd_mxn,17.82,17.83,0.056
2024-07-18 16:19:18+00:00,usd_mxn,17.82,17.83,0.056
2024-07-18 16:19:19+00:00,usd_mxn,17.82,17.83,0.056
2024-07-18 16:19:20+00:00,usd_mxn,17.82,17.83,0.056
2024-07-18 16:19:21+00:00,usd_mxn,17.82,17.83,0.056
2024-07-18 16:19:22+00:00,usd_mxn,17.82,17.83,0.056
2024-07-18 16:19:23+00:00,usd_mxn,17.82,17.83,0.056
2024-07-18 16:19:24+00:00,usd_mxn,17.82,17.83,0.056
2024-07-18 16:19:25+00:00,usd_mxn,17.82,17.83,0.056
2024-07-18 16:19:26+00:00,usd_mxn,17.82,17.83,0.056
2024-07-18 16:19:27+00:00,usd_mxn,17.82,17.83,0.056
2024-07-18 16:19:28+00:00,usd_mxn,17.82,17.83,0.056
2024-07-18 16:19:29+00:00,usd_mxn,17.82,17.83,0.056
2024-07-18 16:19:30+00:00,usd_mxn,17.82,17.83,0.056
2024-07-18 16:19:31+00:00,usd_mxn,17.82,17.83,0.056
2024-07-18 16:19:32+00:00,usd_mxn,17.82,17.83,0.056
2024-07-18 16:19:33+00:00,usd_mxn,17.82,17.83,0.056
2024-07-18 16:19:34+00:00,usd_mxn,17.82,17.83,0.056
2024-07-18 16:19:35+00:00,usd_mxn,17.82,17.83,0.056
2024-07-18 16:19:36+00:00,usd_mxn,17.82,17.83,0.056
2024-07-18 16:19:37+00:00,usd_mxn,17.82,17.83,0.056
2024-07-18 16:19:38+00:00,usd_mxn,17.82,17.83,0.056
2024-07-18 16:19:39+00:00,usd_mxn,17.82,17.83,0.056
2024-07-18 16:19:40+00:00,usd_mxn,17.82,17.83,0.056
2024-07-18 16:19:41+00:00,usd_mxn,17.82,17.83,0.056
2024-07-18 16:19:43+00:00,usd_mxn,17.82,17.83,0.056
2024-07-18 16:19:44+00:00,usd_mxn,17.82,17.83,0.056
2024-07-18 16:19:45+00:00,usd_mxn,17.82,17.83,0.056
2024-07-18 16:19:45+00:00,usd_mxn,17.82,17.83,0.056
2024-07-18 16:19:47+00:00,usd_mxn,17.82,17.83,0.056
2024-07-18 16:19:48+00:00,usd_mxn,17.82,17.83,0.056
2024-07-18 16:19:49+00:00,usd_mxn,17.82,17.83,0.056
2024-07-18 16:19:50+00:00,usd_mxn,17.82,17.83,0.056
2024-07-18 16:19:51+00:00,usd_mxn,17.82,17.83,0.056
2024-07-18 16:19:52+00:00,usd_mxn,17.82,17.83,0.056
2024-07-18 16:19:53+00:00,usd_mxn,17.82,17.83,0.056
2024-07-18 16:19:54+00:00,usd_mxn,17.82,17.83,0.056
2024-07-18 16:19:55+00:00,usd_mxn,17.82,17.83,0.056
2024-07-18 16:19:56+00:00,usd_mxn,17.82,17.83,0.056
2024-07-18 16:19:57+00:00,usd_mxn,17.82,17.83,0.056
2024-07-18 16:19:58+00:00,usd_mxn,17.82,17.83,0.056
2024-07-18 16:19:59+00:00,usd_mxn,17.82,17.83,0.056
2024-07-18 16:20:00+00:00,usd_mxn,17.82,17.83,0.056
2024-07-18 16:20:01+00:00,usd_mxn,17.82,17.83,0.056
2024-07-18 16:20:02+00:00,usd_mxn,17.82,17.83,0.056
2024-07-18 16:20:03+00:00,usd_mxn,17.82,17.83,0.056
2024-07-18 16:20:04+00:00,usd_mxn,17.82,17.83,0.056
2024-07-18 16:20:05+00:00,usd_mxn,17.82,17.83,0.056
2024-07-18 16:20:06+00:00,usd_mxn,17.82,17.83,0.056
2024-07-18 16:20:07+00:00,usd_mxn,17.82,17.83,0.056
2024-07-18 16:20:08+00:00,usd_mxn,17.82,17.83,0.056
2024-07-18 16:20:09+00:00,usd_mxn,17.82,17.83,0.056
2024-07-18 16:20:10+00:00,usd_mxn,17.82,17.83,0.056
2024-07-18 16:20:11+00:00,usd_mxn,17.82,17.83,0.056
2024-07-18 16:20:12+00:00,usd_mxn,17.82,17.83,0.056
2024-07-18 16:20:13+00:00,usd_mxn,17.82,17.83,0.056
2024-07-18 16:20:14+00:00,usd_mxn,17.82,17.83,0.056
2024-07-18 16:20:15+00:00,usd_mxn,17.82,17.83,0.056
2024-07-18 16:20:16+00:00,usd_mxn,17.82,17.83,0.056
2024-07-18 16:20:17+00:00,usd_mxn,17.82,17.83,0.056
2024-07-18 16:20:18+00:00,usd_mxn,17.82,17.83,0.056
2024-07-18 16:20:19+00:00,usd_mxn,17.82,17.83,0.056
2024-07-18 16:20:20+00:00,usd_mxn,17.82,17.83,0.056
2024-07-18 16:20:21+00:00,usd_mxn,17.82,17.83,0.056
2024-07-18 16:20:22+00:00,usd_mxn,17.82,17.83,0.056
2024-07-18 16:20:23+00:00,usd_mxn,17.82,17.83,0.056
2024-07-18 16:20:25+00:00,usd_mxn,17.82,17.83,0.056
2024-07-18 16:20:25+00:00,usd_mxn,17.82,17.83,0.056
2024-07-18 16:20:26+00:00,usd_mxn,17.82,17.83,0.056
2024-07-18 16:20:27+00:00,usd_mxn,17.82,17.83,0.056
2024-07-18 16:20:28+00:00,usd_mxn,17.82,17.83,0.056
2024-07-18 16:20:29+00:00,usd_mxn,17.82,17.83,0.056
2024-07-18 16:20:30+00:00,usd_mxn,17.82,17.83,0.056
2024-07-18 16:20:31+00:00,usd_mxn,17.82,17.83,0.056
2024-07-18 16:20:32+00:00,usd_mxn,17.82,17.83,0.056
2024-07-18 16:20:33+00:00,usd_mxn,17.82,17.83,0.056
2024-07-18 16:20:34+00:00,usd_mxn,17.82,17.83,0.056
2024-07-18 16:20:35+00:00,usd_mxn,17.82,17.83,0.056
2024-07-18 16:20:36+00:00,usd_mxn,17.82,17.83,0.056
2024-07-18 16:20:38+00:00,usd_mxn,17.82,17.83,0.056
2024-07-18 16:20:39+00:00,usd_mxn,17.82,17.83,0.056
2024-07-18 16:20:40+00:00,usd_mxn,17.82,17.83,0.056
2024-07-18 16:20:41+00:00,usd_mxn,17.82,17.83,0.056
2024-07-18 16:20:42+00:00,usd_mxn,17.82,17.83,0.056
2024-07-18 16:20:43+00:00,usd_mxn,17.82,17.83,0.056
2024-07-18 16:20:44+00:00,usd_mxn,17.82,17.83,0.056
2024-07-18 16:20:45+00:00,usd_mxn,17.82,17.83,0.056
2024-07-18 16:20:46+00:00,usd_mxn,17.82,17.83,0.056
2024-07-18 16:20:47+00:00,usd_mxn,17.82,17.83,0.056
2024-07-18 16:20:48+00:00,usd_mxn,17.82,17.83,0.056
2024-07-18 16:20:49+00:00,usd_mxn,17.82,17.83,0.056
2024-07-18 16:20:50+00:00,usd_mxn,17.82,17.83,0.056
2024-07-18 16:20:51+00:00,usd_mxn,17.82,17.83,0.056
2024-07-18 16:20:52+00:00,usd_mxn,17.82,17.83,0.056
2024-07-18 16:20:53+00:00,usd_mxn,17.82,17.83,0.056
2024-07-18 16:20:54+00:00,usd_mxn,17.82,17.83,0.056
2024-07-18 16:20:55+00:00,usd_mxn,17.82,17.83,0.056
2024-07-18 16:20:56+00:00,usd_mxn,17.82,17.83,0.056
2024-07-18 16:20:57+00:00,usd_mxn,17.82,17.83,0.056
2024-07-18 16:20:58+00:00,usd_mxn,17.82,17.83,0.056
2024-07-18 16:20:59+00:00,usd_mxn,17.82,17.83,0.056
2024-07-18 16:21:00+00:00,usd_mxn,17.82,17.83,0.056
2024-07-18 16:21:01+00:00,usd_mxn,17.82,17.83,0.056
2024-07-18 16:21:02+00:00,usd_mxn,17.82,17.83,0.056
2024-07-18 16:21:03+00:00,usd_mxn,17.82,17.83,0.056
2024-07-18 16:21:04+00:00,usd_mxn,17.82,17.83,0.056
2024-07-18 16:21:05+00:00,usd_mxn,17.82,17.83,0.056
2024-07-18 16:21:06+00:00,usd_mxn,17.82,17.83,0.056
2024-07-18 16:21:07+00:00,usd_mxn,17.82,17.83,0.056
2024-07-18 16:21:08+00:00,usd_mxn,17.82,17.83,0.056
2024-07-18 16:21:09+00:00,usd_mxn,17.82,17.83,0.056
2024-07-18 16:21:10+00:00,usd_mxn,17.82,17.83,0.056
2024-07-18 16:21:11+00:00,usd_mxn,17.82,17.83,0.056
2024-07-18 16:21:12+00:00,usd_mxn,17.82,17.83,0.056
2024-07-18 16:21:13+00:00,usd_mxn,17.82,17.83,0.056
2024-07-18 16:21:14+00:00,usd_mxn,17.82,17.83,0.056
2024-07-18 16:21:15+00:00,usd_mxn,17.82,17.83,0.056
2024-07-18 16:21:16+00:00,usd_mxn,17.82,17.83,0.056
2024-07-18 16:21:17+00:00,usd_mxn,17.82,17.83,0.056
2024-07-18 16:21:18+00:00,usd_mxn,17.82,17.83,0.056
2024-07-18 16:21:19+00:00,usd_mxn,17.82,17.83,0.056
2024-07-18 16:21:20+00:00,usd_mxn,17.82,17.83,0.056
2024-07-18 16:21:21+00:00,usd_mxn,17.82,17.83,0.056
2024-07-18 16:21:22+00:00,usd_mxn,17.82,17.83,0.056
2024-07-18 16:21:23+00:00,usd_mxn,17.82,17.83,0.056
2024-07-18 16:21:24+00:00,usd_mxn,17.82,17.83,0.056
2024-07-18 16:21:25+00:00,usd_mxn,17.82,17.83,0.056
2024-07-18 16:21:26+00:00,usd_mxn,17.82,17.83,0.056
2024-07-18 16:21:27+00:00,usd_mxn,17.82,17.83,0.056
2024-07-18 16:21:28+00:00,usd_mxn,17.82,17.83,0.056
2024-07-18 16:21:29+00:00,usd_mxn,17.82,17.83,0.056
2024-07-18 16:21:30+00:00,usd_mxn,17.82,17.83,0.056
2024-07-18 16:21:31+00:00,usd_mxn,17.82,17.83,0.056
2024-07-18 16:21:32+00:00,usd_mxn,17.82,17.83,0.056
2024-07-18 16:21:33+00:00,usd_mxn,17.82,17.83,0.056
2024-07-18 16:21:34+00:00,usd_mxn,17.82,17.83,0.056
2024-07-18 16:21:35+00:00,usd_mxn,17.82,17.83,0.056
2024-07-18 16:21:37+00:00,usd_mxn,17.82,17.83,0.056
2024-07-18 16:21:37+00:00,usd_mxn,17.82,17.83,0.056
2024-07-18 16:21:39+00:00,usd_mxn,17.82,17.83,0.056
2024-07-18 16:21:39+00:00,usd_mxn,17.82,17.83,0.056
2024-07-18 16:21:41+00:00,usd_mxn,17.82,17.83,0.056
2024-07-18 16:21:42+00:00,usd_mxn,17.82,17.83,0.056
2024-07-18 16:21:43+00:00,usd_mxn,17.82,17.83,0.056
2024-07-18 16:21:44+00:00,usd_mxn,17.82,17.83,0.056
2024-07-18 16:21:45+00:00,usd_mxn,17.82,17.83,0.056
2024-07-18 16:21:46+00:00,usd_mxn,17.82,17.83,0.056
2024-07-18 16:21:47+00:00,usd_mxn,17.82,17.83,0.056
2024-07-18 16:21:48+00:00,usd_mxn,17.82,17.83,0.056
2024-07-18 16:21:49+00:00,usd_mxn,17.82,17.83,0.056
2024-07-18 16:21:50+00:00,usd_mxn,17.82,17.83,0.056
2024-07-18 16:21:51+00:00,usd_mxn,17.82,17.83,0.056
2024-07-18 16:21:52+00:00,usd_mxn,17.82,17.83,0.056
2024-07-18 16:21:53+00:00,usd_mxn,17.82,17.83,0.056
2024-07-18 16:21:54+00:00,usd_mxn,17.82,17.83,0.056
2024-07-18 16:21:55+00:00,usd_mxn,17.82,17.83,0.056
2024-07-18 16:21:56+00:00,usd_mxn,17.82,17.83,0.056
2024-07-18 16:21:57+00:00,usd_mxn,17.82,17.83,0.056
2024-07-18 16:21:58+00:00,usd_mxn,17.82,17.83,0.056
2024-07-18 16:21:59+00:00,usd_mxn,17.82,17.83,0.056
2024-07-18 16:22:00+00:00,usd_mxn,17.82,17.83,0.056
2024-07-18 16:22:01+00:00,usd_mxn,17.82,17.83,0.056
2024-07-18 16:22:02+00:00,usd_mxn,17.82,17.83,0.056
2024-07-18 16:22:03+00:00,usd_mxn,17.82,17.83,0.056
2024-07-18 16:22:04+00:00,usd_mxn,17.82,17.83,0.056
2024-07-18 16:22:05+00:00,usd_mxn,17.82,17.83,0.056
2024-07-18 16:22:06+00:00,usd_mxn,17.82,17.83,0.056
2024-07-18 16:22:07+00:00,usd_mxn,17.82,17.83,0.056
2024-07-18 16:22:08+00:00,usd_mxn,17.82,17.83,0.056
2024-07-18 16:22:09+00:00,usd_mxn,17.82,17.83,0.056
2024-07-18 16:22:10+00:00,usd_mxn,17.82,17.83,0.056
2024-07-18 16:22:11+00:00,usd_mxn,17.82,17.83,0.056
2024-07-18 16:22:12+00:00,usd_mxn,17.82,17.83,0.056
2024-07-18 16:22:13+00:00,usd_mxn,17.82,17.83,0.056
2024-07-18 16:22:14+00:00,usd_mxn,17.82,17.83,0.056
2024-07-18 16:22:15+00:00,usd_mxn,17.82,17.83,0.056
2024-07-18 16:22:16+00:00,usd_mxn,17.82,17.83,0.056
2024-07-18 16:22:17+00:00,usd_mxn,17.82,17.83,0.056
2024-07-18 16:22:18+00:00,usd_mxn,17.82,17.83,0.056
2024-07-18 16:22:19+00:00,usd_mxn,17.82,17.83,0.056
2024-07-18 16:22:20+00:00,usd_mxn,17.82,17.83,0.056
2024-07-18 16:22:21+00:00,usd_mxn,17.82,17.83,0.056
2024-07-18 16:22:22+00:00,usd_mxn,17.82,17.83,0.056
2024-07-18 16:22:23+00:00,usd_mxn,17.82,17.83,0.056
2024-07-18 16:22:24+00:00,usd_mxn,17.82,17.83,0.056
2024-07-18 16:22:25+00:00,usd_mxn,17.82,17.83,0.056
2024-07-18 16:22:26+00:00,usd_mxn,17.82,17.83,0.056
2024-07-18 16:22:27+00:00,usd_mxn,17.82,17.83,0.056
2024-07-18 16:22:28+00:00,usd_mxn,17.82,17.83,0.056
2024-07-18 16:22:30+00:00,usd_mxn,17.82,17.83,0.056
2024-07-18 16:22:31+00:00,usd_mxn,17.82,17.83,0.056
2024-07-18 16:22:32+00:00,usd_mxn,17.82,17.83,0.056
2024-07-18 16:22:33+00:00,usd_mxn,17.82,17.83,0.056
2024-07-18 16:22:34+00:00,usd_mxn,17.82,17.83,0.056
2024-07-18 16:22:35+00:00,usd_mxn,17.82,17.83,0.056
2024-07-18 16:22:36+00:00,usd_mxn,17.82,17.83,0.056
2024-07-18 16:22:37+00:00,usd_mxn,17.82,17.83,0.056
2024-07-18 16:22:38+00:00,usd_mxn,17.82,17.83,0.056
2024-07-18 16:22:39+00:00,usd_mxn,17.82,17.83,0.056
2024-07-18 16:22:40+00:00,usd_mxn,17.82,17.83,0.056
2024-07-18 16:22:41+00:00,usd_mxn,17.82,17.83,0.056
2024-07-18 16:22:42+00:00,usd_mxn,17.82,17.83,0.056
2024-07-18 16:22:43+00:00,usd_mxn,17.82,17.83,0.056
2024-07-18 16:22:44+00:00,usd_mxn,17.82,17.83,0.056
2024-07-18 16:22:45+00:00,usd_mxn,17.82,17.83,0.056
2024-07-18 16:22:46+00:00,usd_mxn,17.82,17.83,0.056
2024-07-18 16:22:47+00:00,usd_mxn,17.82,17.83,0.056
2024-07-18 16:22:48+00:00,usd_mxn,17.82,17.83,0.056
2024-07-18 16:22:49+00:00,usd_mxn,17.82,17.83,0.056
2024-07-18 16:22:50+00:00,usd_mxn,17.82,17.83,0.056
2024-07-18 16:22:51+00:00,usd_mxn,17.82,17.83,0.056
2024-07-18 16:22:52+00:00,usd_mxn,17.82,17.83,0.056
2024-07-18 16:22:53+00:00,usd_mxn,17.82,17.83,0.056
2024-07-18 16:22:54+00:00,usd_mxn,17.82,17.83,0.056
2024-07-18 16:22:55+00:00,usd_mxn,17.82,17.83,0.056
2024-07-18 16:22:56+00:00,usd_mxn,17.82,17.83,0.056
2024-07-18 16:22:57+00:00,usd_mxn,17.82,17.83,0.056
2024-07-18 16:22:58+00:00,usd_mxn,17.82,17.83,0.056
2024-07-18 16:22:59+00:00,usd_mxn,17.82,17.83,0.056
2024-07-18 16:23:00+00:00,usd_mxn,17.82,17.83,0.056
2024-07-18 16:23:01+00:00,usd_mxn,17.82,17.83,0.056
2024-07-18 16:23:02+00:00,usd_mxn,17.82,17.83,0.056
2024-07-18 16:23:03+00:00,usd_mxn,17.82,17.83,0.056
2024-07-18 16:23:04+00:00,usd_mxn,17.82,17.83,0.056
2024-07-18 16:23:05+00:00,usd_mxn,17.82,17.83,0.056
2024-07-18 16:23:06+00:00,usd_mxn,17.82,17.83,0.056
2024-07-18 16:23:07+00:00,usd_mxn,17.82,17.83,0.056
2024-07-18 16:23:08+00:00,usd_mxn,17.82,17.83,0.056
2024-07-18 16:23:09+00:00,usd_mxn,17.82,17.83,0.056
2024-07-18 16:23:10+00:00,usd_mxn,17.82,17.83,0.056
2024-07-18 16:23:11+00:00,usd_mxn,17.82,17.83,0.056
2024-07-18 16:23:12+00:00,usd_mxn,17.82,17.83,0.056
2024-07-18 16:23:13+00:00,usd_mxn,17.82,17.83,0.056
2024-07-18 16:23:14+00:00,usd_mxn,17.82,17.83,0.056
2024-07-18 16:23:15+00:00,usd_mxn,17.82,17.83,0.056
2024-07-18 16:23:16+00:00,usd_mxn,17.82,17.83,0.056
2024-07-18 16:23:17+00:00,usd_mxn,17.82,17.83,0.056
2024-07-18 16:23:18+00:00,usd_mxn,17.82,17.83,0.056
2024-07-18 16:23:19+00:00,usd_mxn,17.82,17.83,0.056
2024-07-18 16:23:20+00:00,usd_mxn,17.82,17.83,0.056
2024-07-18 16:23:21+00:00,usd_mxn,17.82,17.83,0.056
2024-07-18 16:23:22+00:00,usd_mxn,17.82,17.83,0.056
2024-07-18 16:23:23+00:00,usd_mxn,17.82,17.83,0.056
2024-07-18 16:23:25+00:00,usd_mxn,17.82,17.83,0.056
2024-07-18 16:23:26+00:00,usd_mxn,17.82,17.83,0.056
2024-07-18 16:23:27+00:00,usd_mxn,17.82,17.83,0.056
2024-07-18 16:23:28+00:00,usd_mxn,17.82,17.83,0.056
2024-07-18 16:23:29+00:00,usd_mxn,17.82,17.83,0.056
2024-07-18 16:23:30+00:00,usd_mxn,17.82,17.83,0.056
2024-07-18 16:23:31+00:00,usd_mxn,17.82,17.83,0.056
2024-07-18 16:23:32+00:00,usd_mxn,17.82,17.83,0.056
2024-07-18 16:23:33+00:00,usd_mxn,17.82,17.83,0.056
2024-07-18 16:23:34+00:00,usd_mxn,17.82,17.83,0.056
2024-07-18 16:23:35+00:00,usd_mxn,17.82,17.83,0.056
2024-07-18 16:23:36+00:00,usd_mxn,17.82,17.83,0.056
2024-07-18 16:23:37+00:00,usd_mxn,17.82,17.83,0.056
2024-07-18 16:23:38+00:00,usd_mxn,17.82,17.83,0.056
2024-07-18 16:23:39+00:00,usd_mxn,17.82,17.83,0.056
2024-07-18 16:23:40+00:00,usd_mxn,17.82,17.83,0.056
2024-07-18 16:23:41+00:00,usd_mxn,17.82,17.83,0.056
2024-07-18 16:23:42+00:00,usd_mxn,17.82,17.83,0.056
2024-07-18 16:23:43+00:00,usd_mxn,17.82,17.83,0.056
2024-07-18 16:23:44+00:00,usd_mxn,17.82,17.83,0.056
2024-07-18 16:23:45+00:00,usd_mxn,17.82,17.83,0.056
2024-07-18 16:23:46+00:00,usd_mxn,17.82,17.83,0.056
2024-07-18 16:23:47+00:00,usd_mxn,17.82,17.83,0.056
2024-07-18 16:23:48+00:00,usd_mxn,17.82,17.83,0.056
2024-07-18 16:23:49+00:00,usd_mxn,17.82,17.83,0.056
2024-07-18 16:23:50+00:00,usd_mxn,17.82,17.83,0.056
2024-07-18 16:23:51+00:00,usd_mxn,17.82,17.83,0.056
2024-07-18 16:23:52+00:00,usd_mxn,17.82,17.83,0.056
2024-07-18 16:23:53+00:00,usd_mxn,17.82,17.83,0.056
2024-07-18 16:23:54+00:00,usd_mxn,17.82,17.83,0.056
2024-07-18 16:23:55+00:00,usd_mxn,17.82,17.83,0.056
2024-07-18 16:23:56+00:00,usd_mxn,17.82,17.83,0.056
2024-07-18 16:23:57+00:00,usd_mxn,17.82,17.83,0.056
2024-07-18 16:23:58+00:00,usd_mxn,17.82,17.83,0.056
2024-07-18 16:23:59+00:00,usd_mxn,17.82,17.83,0.056
2024-07-18 16:24:00+00:00,usd_mxn,17.82,17.83,0.056
2024-07-18 16:24:01+00:00,usd_mxn,17.82,17.83,0.056
2024-07-18 16:24:02+00:00,usd_mxn,17.82,17.83,0.056
2024-07-18 16:24:03+00:00,usd_mxn,17.82,17.83,0.056
2024-07-18 16:24:04+00:00,usd_mxn,17.82,17.83,0.056
2024-07-18 16:24:05+00:00,usd_mxn,17.82,17.83,0.056
2024-07-18 16:24:06+00:00,usd_mxn,17.82,17.83,0.056
2024-07-18 16:24:07+00:00,usd_mxn,17.82,17.83,0.056
2024-07-18 16:24:08+00:00,usd_mxn,17.82,17.83,0.056
2024-07-18 16:24:09+00:00,usd_mxn,17.82,17.83,0.056
2024-07-18 16:24:10+00:00,usd_mxn,17.82,17.83,0.056
2024-07-18 16:24:11+00:00,usd_mxn,17.82,17.83,0.056
2024-07-18 16:24:12+00:00,usd_mxn,17.82,17.83,0.056
2024-07-18 16:24:13+00:00,usd_mxn,17.82,17.83,0.056
2024-07-18 16:24:14+00:00,usd_mxn,17.82,17.83,0.056
2024-07-18 16:24:16+00:00,usd_mxn,17.82,17.83,0.056
2024-07-18 16:24:17+00:00,usd_mxn,17.82,17.83,0.056
2024-07-18 16:24:18+00:00,usd_mxn,17.82,17.83,0.056
2024-07-18 16:24:19+00:00,usd_mxn,17.82,17.83,0.056
2024-07-18 16:24:20+00:00,usd_mxn,17.82,17.83,0.056
2024-07-18 16:24:21+00:00,usd_mxn,17.82,17.83,0.056
2024-07-18 16:24:22+00:00,usd_mxn,17.82,17.83,0.056
2024-07-18 16:24:23+00:00,usd_mxn,17.82,17.83,0.056
2024-07-18 16:24:24+00:00,usd_mxn,17.82,17.83,0.056
2024-07-18 16:24:25+00:00,usd_mxn,17.82,17.83,0.056
2024-07-18 16:24:26+00:00,usd_mxn,17.82,17.83,0.056
2024-07-18 16:24:27+00:00,usd_mxn,17.82,17.83,0.056
2024-07-18 16:24:28+00:00,usd_mxn,17.82,17.83,0.056
2024-07-18 16:24:29+00:00,usd_mxn,17.82,17.83,0.056
2024-07-18 16:24:30+00:00,usd_mxn,17.82,17.83,0.056
2024-07-18 16:24:31+00:00,usd_mxn,17.82,17.83,0.056
2024-07-18 16:24:32+00:00,usd_mxn,17.82,17.83,0.056
2024-07-18 16:24:33+00:00,usd_mxn,17.82,17.83,0.056
2024-07-18 16:24:34+00:00,usd_mxn,17.82,17.83,0.056
2024-07-18 16:24:35+00:00,usd_mxn,17.82,17.83,0.056
2024-07-18 16:24:36+00:00,usd_mxn,17.82,17.83,0.056
2024-07-18 16:24:37+00:00,usd_mxn,17.82,17.83,0.056
2024-07-18 16:24:38+00:00,usd_mxn,17.82,17.83,0.056
2024-07-18 16:24:39+00:00,usd_mxn,17.82,17.83,0.056
2024-07-18 16:24:40+00:00,usd_mxn,17.82,17.83,0.056
2024-07-18 16:24:41+00:00,usd_mxn,17.82,17.83,0.056
2024-07-18 16:24:42+00:00,usd_mxn,17.82,17.83,0.056
2024-07-18 16:24:43+00:00,usd_mxn,17.82,17.83,0.056
2024-07-18 16:24:44+00:00,usd_mxn,17.82,17.83,0.056
2024-07-18 16:24:45+00:00,usd_mxn,17.82,17.83,0.056
2024-07-18 16:24:46+00:00,usd_mxn,17.82,17.83,0.056
2024-07-18 16:24:47+00:00,usd_mxn,17.82,17.83,0.056
2024-07-18 16:24:48+00:00,usd_mxn,17.82,17.83,0.056
2024-07-18 16:24:49+00:00,usd_mxn,17.82,17.83,0.056
2024-07-18 16:24:50+00:00,usd_mxn,17.82,17.83,0.056
2024-07-18 16:24:51+00:00,usd_mxn,17.82,17.83,0.056
2024-07-18 16:24:52+00:00,usd_mxn,17.82,17.83,0.056
2024-07-18 16:24:53+00:00,usd_mxn,17.82,17.83,0.056
2024-07-18 16:24:54+00:00,usd_mxn,17.82,17.83,0.056
2024-07-18 16:24:55+00:00,usd_mxn,17.82,17.83,0.056
2024-07-18 16:24:56+00:00,usd_mxn,17.82,17.83,0.056
2024-07-18 16:24:57+00:00,usd_mxn,17.82,17.83,0.056
2024-07-18 16:24:58+00:00,usd_mxn,17.82,17.83,0.056
2024-07-18 16:24:59+00:00,usd_mxn,17.82,17.83,0.056
2024-07-18 16:25:00+00:00,usd_mxn,17.82,17.83,0.056
2024-07-18 16:25:01+00:00,usd_mxn,17.82,17.83,0.056
2024-07-18 16:25:02+00:00,usd_mxn,17.82,17.83,0.056
2024-07-18 16:25:03+00:00,usd_mxn,17.82,17.83,0.056
2024-07-18 16:25:04+00:00,usd_mxn,17.82,17.83,0.056
2024-07-18 16:25:05+00:00,usd_mxn,17.82,17.83,0.056
2024-07-18 16:25:06+00:00,usd_mxn,17.82,17.83,0.056
2024-07-18 16:25:07+00:00,usd_mxn,17.82,17.83,0.056
2024-07-18 16:25:08+00:00,usd_mxn,17.82,17.83,0.056
2024-07-18 16:25:09+00:00,usd_mxn,17.82,17.83,0.056
2024-07-18 16:25:10+00:00,usd_mxn,17.82,17.83,0.056
2024-07-18 16:25:11+00:00,usd_mxn,17.82,17.83,0.056
2024-07-18 16:25:12+00:00,usd_mxn,17.82,17.83,0.056
2024-07-18 16:25:13+00:00,usd_mxn,17.82,17.83,0.056
2024-07-18 16:25:15+00:00,usd_mxn,17.82,17.83,0.056
2024-07-18 16:25:15+00:00,usd_mxn,17.82,17.83,0.056
2024-07-18 16:25:16+00:00,usd_mxn,17.82,17.83,0.056
2024-07-18 16:25:17+00:00,usd_mxn,17.82,17.83,0.056
2024-07-18 16:25:19+00:00,usd_mxn,17.82,17.83,0.056
2024-07-18 16:25:20+00:00,usd_mxn,17.82,17.83,0.056
2024-07-18 16:25:21+00:00,usd_mxn,17.82,17.83,0.056
2024-07-18 16:25:22+00:00,usd_mxn,17.82,17.83,0.056
2024-07-18 16:25:23+00:00,usd_mxn,17.82,17.83,0.056
2024-07-18 16:25:24+00:00,usd_mxn,17.82,17.83,0.056
2024-07-18 16:25:25+00:00,usd_mxn,17.82,17.83,0.056
2024-07-18 16:25:26+00:00,usd_mxn,17.82,17.83,0.056
2024-07-18 16:25:27+00:00,usd_mxn,17.82,17.83,0.056
2024-07-18 16:25:28+00:00,usd_mxn,17.82,17.83,0.056
2024-07-18 16:25:29+00:00,usd_mxn,17.82,17.83,0.056
2024-07-18 16:25:30+00:00,usd_mxn,17.82,17.83,0.056
2024-07-18 16:25:31+00:00,usd_mxn,17.82,17.83,0.056
2024-07-18 16:25:32+00:00,usd_mxn,17.82,17.83,0.056
2024-07-18 16:25:33+00:00,usd_mxn,17.82,17.83,0.056
2024-07-18 16:25:34+00:00,usd_mxn,17.82,17.83,0.056
2024-07-18 16:25:35+00:00,usd_mxn,17.82,17.83,0.056
2024-07-18 16:25:36+00:00,usd_mxn,17.82,17.83,0.056
2024-07-18 16:25:37+00:00,usd_mxn,17.82,17.83,0.056
2024-07-18 16:25:38+00:00,usd_mxn,17.82,17.83,0.056
2024-07-18 16:25:39+00:00,usd_mxn,17.82,17.83,0.056
2024-07-18 16:25:40+00:00,usd_mxn,17.82,17.83,0.056
2024-07-18 16:25:41+00:00,usd_mxn,17.82,17.83,0.056
2024-07-18 16:25:42+00:00,usd_mxn,17.82,17.83,0.056
2024-07-18 16:25:43+00:00,usd_mxn,17.82,17.83,0.056
2024-07-18 16:25:44+00:00,usd_mxn,17.82,17.83,0.056
2024-07-18 16:25:45+00:00,usd_mxn,17.82,17.83,0.056
2024-07-18 16:25:46+00:00,usd_mxn,17.82,17.83,0.056
2024-07-18 16:25:47+00:00,usd_mxn,17.82,17.83,0.056
2024-07-18 16:25:48+00:00,usd_mxn,17.82,17.83,0.056
2024-07-18 16:25:49+00:00,usd_mxn,17.82,17.83,0.056
2024-07-18 16:25:50+00:00,usd_mxn,17.82,17.83,0.056
2024-07-18 16:25:51+00:00,usd_mxn,17.82,17.83,0.056
2024-07-18 16:25:52+00:00,usd_mxn,17.82,17.83,0.056
2024-07-18 16:25:53+00:00,usd_mxn,17.82,17.83,0.056
2024-07-18 16:25:54+00:00,usd_mxn,17.82,17.83,0.056
2024-07-18 16:25:55+00:00,usd_mxn,17.82,17.83,0.056
2024-07-18 16:25:56+00:00,usd_mxn,17.82,17.83,0.056
2024-07-18 16:25:57+00:00,usd_mxn,17.82,17.83,0.056
2024-07-18 16:25:58+00:00,usd_mxn,17.82,17.83,0.056
2024-07-18 16:25:59+00:00,usd_mxn,17.82,17.83,0.056
2024-07-18 16:26:00+00:00,usd_mxn,17.82,17.83,0.056
2024-07-18 16:26:01+00:00,usd_mxn,17.82,17.83,0.056
2024-07-18 16:26:02+00:00,usd_mxn,17.82,17.83,0.056
2024-07-18 16:26:03+00:00,usd_mxn,17.82,17.83,0.056
2024-07-18 16:26:04+00:00,usd_mxn,17.82,17.83,0.056
2024-07-18 16:26:05+00:00,usd_mxn,17.82,17.83,0.056
2024-07-18 16:26:06+00:00,usd_mxn,17.82,17.83,0.056
2024-07-18 16:26:07+00:00,usd_mxn,17.82,17.83,0.056
2024-07-18 16:26:08+00:00,usd_mxn,17.82,17.83,0.056
2024-07-18 16:26:09+00:00,usd_mxn,17.82,17.83,0.056
2024-07-18 16:26:10+00:00,usd_mxn,17.82,17.83,0.056
2024-07-18 16:26:11+00:00,usd_mxn,17.82,17.83,0.056
2024-07-18 16:26:12+00:00,usd_mxn,17.82,17.83,0.056
2024-07-18 16:26:13+00:00,usd_mxn,17.82,17.83,0.056
2024-07-18 16:26:14+00:00,usd_mxn,17.82,17.83,0.056
2024-07-18 16:26:15+00:00,usd_mxn,17.82,17.83,0.056
2024-07-18 16:26:16+00:00,usd_mxn,17.82,17.83,0.056
2024-07-18 16:26:17+00:00,usd_mxn,17.82,17.83,0.056
2024-07-18 16:26:18+00:00,usd_mxn,17.82,17.83,0.056
2024-07-18 16:26:19+00:00,usd_mxn,17.82,17.83,0.056
2024-07-18 16:26:20+00:00,usd_mxn,17.82,17.83,0.056
2024-07-18 16:26:21+00:00,usd_mxn,17.82,17.83,0.056
2024-07-18 16:26:22+00:00,usd_mxn,17.82,17.83,0.056
2024-07-18 16:26:23+00:00,usd_mxn,17.82,17.83,0.056
2024-07-18 16:26:24+00:00,usd_mxn,17.82,17.83,0.056
2024-07-18 16:26:25+00:00,usd_mxn,17.82,17.83,0.056
2024-07-18 16:26:26+00:00,usd_mxn,17.82,17.83,0.056
2024-07-18 16:26:27+00:00,usd_mxn,17.82,17.83,0.056
2024-07-18 16:26:28+00:00,usd_mxn,17.82,17.83,0.056
2024-07-18 16:26:29+00:00,usd_mxn,17.82,17.83,0.056
2024-07-18 16:26:30+00:00,usd_mxn,17.82,17.83,0.056
2024-07-18 16:26:31+00:00,usd_mxn,17.82,17.83,0.056
2024-07-18 16:26:32+00:00,usd_mxn,17.82,17.83,0.056
2024-07-18 16:26:33+00:00,usd_mxn,17.82,17.83,0.056
2024-07-18 16:26:34+00:00,usd_mxn,17.82,17.83,0.056
2024-07-18 16:26:35+00:00,usd_mxn,17.82,17.83,0.056
2024-07-18 16:26:36+00:00,usd_mxn,17.82,17.83,0.056
2024-07-18 16:26:37+00:00,usd_mxn,17.82,17.83,0.056
2024-07-18 16:26:38+00:00,usd_mxn,17.82,17.83,0.056
2024-07-18 16:26:40+00:00,usd_mxn,17.82,17.83,0.056
2024-07-18 16:26:41+00:00,usd_mxn,17.82,17.83,0.056
2024-07-18 16:26:42+00:00,usd_mxn,17.82,17.83,0.056
2024-07-18 16:26:43+00:00,usd_mxn,17.82,17.83,0.056
2024-07-18 16:26:44+00:00,usd_mxn,17.82,17.83,0.056
2024-07-18 16:26:45+00:00,usd_mxn,17.82,17.83,0.056
2024-07-18 16:26:46+00:00,usd_mxn,17.82,17.83,0.056
2024-07-18 16:26:47+00:00,usd_mxn,17.82,17.83,0.056
2024-07-18 16:26:48+00:00,usd_mxn,17.82,17.83,0.056
2024-07-18 16:26:49+00:00,usd_mxn,17.82,17.83,0.056
2024-07-18 16:26:50+00:00,usd_mxn,17.82,17.83,0.056
2024-07-18 16:26:51+00:00,usd_mxn,17.82,17.83,0.056
2024-07-18 16:26:52+00:00,usd_mxn,17.82,17.83,0.056
2024-07-18 16:26:53+00:00,usd_mxn,17.82,17.83,0.056
2024-07-18 16:26:54+00:00,usd_mxn,17.82,17.83,0.056
2024-07-18 16:26:55+00:00,usd_mxn,17.82,17.83,0.056
2024-07-18 16:26:56+00:00,usd_mxn,17.82,17.83,0.056
2024-07-18 16:26:57+00:00,usd_mxn,17.82,17.83,0.056
2024-07-18 16:26:58+00:00,usd_mxn,17.82,17.83,0.056
2024-07-18 16:26:59+00:00,usd_mxn,17.82,17.83,0.056
2024-07-18 16:27:00+00:00,usd_mxn,17.82,17.83,0.056
2024-07-18 16:27:01+00:00,usd_mxn,17.82,17.83,0.056
2024-07-18 16:27:02+00:00,usd_mxn,17.82,17.83,0.056
2024-07-18 16:27:03+00:00,usd_mxn,17.82,17.83,0.056
2024-07-18 16:27:04+00:00,usd_mxn,17.82,17.83,0.056
2024-07-18 16:27:05+00:00,usd_mxn,17.82,17.83,0.056
2024-07-18 16:27:06+00:00,usd_mxn,17.82,17.83,0.056
2024-07-18 16:27:07+00:00,usd_mxn,17.82,17.83,0.056
2024-07-18 16:27:08+00:00,usd_mxn,17.82,17.83,0.056
2024-07-18 16:27:09+00:00,usd_mxn,17.82,17.83,0.056
2024-07-18 16:27:10+00:00,usd_mxn,17.82,17.83,0.056
2024-07-18 16:27:11+00:00,usd_mxn,17.82,17.83,0.056
2024-07-18 16:27:12+00:00,usd_mxn,17.82,17.83,0.056
2024-07-18 16:27:13+00:00,usd_mxn,17.82,17.83,0.056
2024-07-18 16:27:14+00:00,usd_mxn,17.82,17.83,0.056
2024-07-18 16:27:15+00:00,usd_mxn,17.82,17.83,0.056
2024-07-18 16:27:16+00:00,usd_mxn,17.82,17.83,0.056
2024-07-18 16:27:17+00:00,usd_mxn,17.82,17.83,0.056
2024-07-18 16:27:18+00:00,usd_mxn,17.82,17.83,0.056
2024-07-18 16:27:19+00:00,usd_mxn,17.82,17.83,0.056
2024-07-18 16:27:20+00:00,usd_mxn,17.82,17.83,0.056
2024-07-18 16:27:21+00:00,usd_mxn,17.82,17.83,0.056
2024-07-18 16:27:22+00:00,usd_mxn,17.82,17.83,0.056
2024-07-18 16:27:23+00:00,usd_mxn,17.82,17.83,0.056
2024-07-18 16:27:24+00:00,usd_mxn,17.82,17.83,0.056
2024-07-18 16:27:25+00:00,usd_mxn,17.82,17.83,0.056
2024-07-18 16:27:26+00:00,usd_mxn,17.82,17.83,0.056
2024-07-18 16:27:28+00:00,usd_mxn,17.82,17.83,0.056
2024-07-18 16:27:29+00:00,usd_mxn,17.82,17.83,0.056
2024-07-18 16:27:30+00:00,usd_mxn,17.82,17.83,0.056
2024-07-18 16:27:31+00:00,usd_mxn,17.82,17.83,0.056
2024-07-18 16:27:32+00:00,usd_mxn,17.82,17.83,0.056
2024-07-18 16:27:33+00:00,usd_mxn,17.82,17.83,0.056
2024-07-18 16:27:34+00:00,usd_mxn,17.82,17.83,0.056
2024-07-18 16:27:35+00:00,usd_mxn,17.82,17.83,0.056
2024-07-18 16:27:36+00:00,usd_mxn,17.82,17.83,0.056
2024-07-18 16:27:37+00:00,usd_mxn,17.82,17.83,0.056
2024-07-18 16:27:38+00:00,usd_mxn,17.82,17.83,0.056
2024-07-18 16:27:39+00:00,usd_mxn,17.82,17.83,0.056
2024-07-18 16:27:40+00:00,usd_mxn,17.82,17.83,0.056
2024-07-18 16:27:41+00:00,usd_mxn,17.82,17.83,0.056
2024-07-18 16:27:42+00:00,usd_mxn,17.82,17.83,0.056
2024-07-18 16:27:43+00:00,usd_mxn,17.82,17.83,0.056
2024-07-18 16:27:45+00:00,usd_mxn,17.82,17.83,0.056
2024-07-18 16:27:46+00:00,usd_mxn,17.82,17.83,0.056
2024-07-18 16:27:47+00:00,usd_mxn,17.82,17.83,0.056
2024-07-18 16:27:48+00:00,usd_mxn,17.82,17.83,0.056
2024-07-18 16:27:49+00:00,usd_mxn,17.82,17.83,0.056
2024-07-18 16:27:50+00:00,usd_mxn,17.82,17.83,0.056
2024-07-18 16:27:51+00:00,usd_mxn,17.82,17.83,0.056
2024-07-18 16:27:52+00:00,usd_mxn,17.82,17.83,0.056
2024-07-18 16:27:53+00:00,usd_mxn,17.82,17.83,0.056
2024-07-18 16:27:54+00:00,usd_mxn,17.82,17.83,0.056
2024-07-18 16:27:55+00:00,usd_mxn,17.82,17.83,0.056
2024-07-18 16:27:56+00:00,usd_mxn,17.82,17.83,0.056
2024-07-18 16:27:57+00:00,usd_mxn,17.82,17.83,0.056
2024-07-18 16:27:58+00:00,usd_mxn,17.82,17.83,0.056
