orderbook_timestamp,book,bid,ask,spread
2024-07-17 13:56:31+00:00,btc_mxn,1154460.0,1156880.0,0.209
2024-07-17 13:56:32+00:00,btc_mxn,1154460.0,1156880.0,0.209
2024-07-17 13:56:33+00:00,btc_mxn,1154460.0,1156880.0,0.209
2024-07-17 13:56:34+00:00,btc_mxn,1154460.0,1156880.0,0.209
2024-07-17 13:56:36+00:00,btc_mxn,1154129.98,1156880.0,0.238
2024-07-17 13:56:37+00:00,btc_mxn,1154129.98,1156880.0,0.238
2024-07-17 13:56:38+00:00,btc_mxn,1154129.98,1156880.0,0.238
2024-07-17 13:56:39+00:00,btc_mxn,1154129.98,1156880.0,0.238
2024-07-17 13:56:40+00:00,btc_mxn,1154129.98,1156880.0,0.238
2024-07-17 13:56:41+00:00,btc_mxn,1154129.98,1156880.0,0.238
2024-07-17 13:56:42+00:00,btc_mxn,1154129.98,1156880.0,0.238
2024-07-17 13:56:43+00:00,btc_mxn,1154129.98,1156880.0,0.238
2024-07-17 13:56:44+00:00,btc_mxn,1154129.98,1156880.0,0.238
2024-07-17 13:56:45+00:00,btc_mxn,1154129.98,1156880.0,0.238
2024-07-17 13:56:46+00:00,btc_mxn,1154129.98,1156880.0,0.238
2024-07-17 13:56:47+00:00,btc_mxn,1154129.98,1156880.0,0.238
2024-07-17 13:56:48+00:00,btc_mxn,1154129.98,1156880.0,0.238
2024-07-17 13:56:49+00:00,btc_mxn,1154129.98,1156880.0,0.238
2024-07-17 13:56:50+00:00,btc_mxn,1154129.98,1156880.0,0.238
2024-07-17 13:56:51+00:00,btc_mxn,1154129.98,1156880.0,0.238
2024-07-17 13:56:52+00:00,btc_mxn,1154129.98,1156880.0,0.238
2024-07-17 13:56:53+00:00,btc_mxn,1154129.98,1156880.0,0.238
2024-07-17 13:56:54+00:00,btc_mxn,1154129.98,1156880.0,0.238
2024-07-17 13:56:55+00:00,btc_mxn,1154129.98,1156880.0,0.238
2024-07-17 13:56:56+00:00,btc_mxn,1154129.98,1156880.0,0.238
2024-07-17 13:56:57+00:00,btc_mxn,1154129.98,1156880.0,0.238
2024-07-17 13:56:58+00:00,btc_mxn,1154129.98,1156880.0,0.238
2024-07-17 13:56:59+00:00,btc_mxn,1154129.98,1156880.0,0.238
2024-07-17 13:57:00+00:00,btc_mxn,1154129.98,1157080.0,0.255
2024-07-17 13:57:01+00:00,btc_mxn,1154129.98,1157080.0,0.255
2024-07-17 13:57:02+00:00,btc_mxn,1154129.98,1157080.0,0.255
2024-07-17 13:57:03+00:00,btc_mxn,1154129.98,1157080.0,0.255
2024-07-17 13:57:04+00:00,btc_mxn,1154129.98,1157080.0,0.255
2024-07-17 13:57:05+00:00,btc_mxn,1154129.98,1157080.0,0.255
2024-07-17 13:57:06+00:00,btc_mxn,1154129.98,1157080.0,0.255
2024-07-17 13:57:07+00:00,btc_mxn,1154129.98,1157080.0,0.255
2024-07-17 13:57:08+00:00,btc_mxn,1151659.98,1151660.02,0.0
2024-07-17 13:57:09+00:00,btc_mxn,1151659.98,1151660.02,0.0
2024-07-17 13:57:10+00:00,btc_mxn,1151659.98,1151660.02,0.0
2024-07-17 13:57:11+00:00,btc_mxn,1151659.98,1151660.02,0.0
2024-07-17 13:57:12+00:00,btc_mxn,1151659.98,1151660.02,0.0
2024-07-17 13:57:13+00:00,btc_mxn,1151659.98,1151660.02,0.0
2024-07-17 13:57:14+00:00,btc_mxn,1151659.98,1151660.02,0.0
2024-07-17 13:57:15+00:00,btc_mxn,1151659.98,1151660.02,0.0
2024-07-17 13:57:16+00:00,btc_mxn,1151659.98,1151660.02,0.0
2024-07-17 13:57:18+00:00,btc_mxn,1151659.98,1151660.02,0.0
2024-07-17 13:57:18+00:00,btc_mxn,1151659.98,1151660.02,0.0
2024-07-17 13:57:19+00:00,btc_mxn,1151659.98,1151660.02,0.0
2024-07-17 13:57:20+00:00,btc_mxn,1151659.98,1151660.02,0.0
2024-07-17 13:57:21+00:00,btc_mxn,1151659.98,1151660.02,0.0
2024-07-17 13:57:23+00:00,btc_mxn,1151659.98,1151660.02,0.0
2024-07-17 13:57:24+00:00,btc_mxn,1151659.98,1151660.02,0.0
2024-07-17 13:57:25+00:00,btc_mxn,1151659.98,1151660.02,0.0
2024-07-17 13:57:26+00:00,btc_mxn,1151659.98,1151660.02,0.0
2024-07-17 13:57:27+00:00,btc_mxn,1151659.98,1151660.02,0.0
2024-07-17 13:57:28+00:00,btc_mxn,1151659.98,1151660.02,0.0
2024-07-17 13:57:29+00:00,btc_mxn,1151659.98,1151660.02,0.0
2024-07-17 13:57:30+00:00,btc_mxn,1151659.98,1151660.02,0.0
2024-07-17 13:57:31+00:00,btc_mxn,1151659.98,1151660.02,0.0
2024-07-17 13:57:32+00:00,btc_mxn,1151659.98,1151660.02,0.0
2024-07-17 13:57:33+00:00,btc_mxn,1151659.98,1151660.02,0.0
2024-07-17 13:57:34+00:00,btc_mxn,1151659.98,1151660.02,0.0
2024-07-17 13:57:35+00:00,btc_mxn,1151659.98,1151660.02,0.0
2024-07-17 13:57:36+00:00,btc_mxn,1151659.98,1151660.02,0.0
2024-07-17 13:57:37+00:00,btc_mxn,1151659.98,1151660.02,0.0
2024-07-17 13:57:38+00:00,btc_mxn,1151659.98,1151660.02,0.0
2024-07-17 13:57:39+00:00,btc_mxn,1151659.98,1151660.02,0.0
2024-07-17 13:57:40+00:00,btc_mxn,1151659.98,1151660.02,0.0
2024-07-17 13:57:41+00:00,btc_mxn,1151659.98,1151660.02,0.0
2024-07-17 13:57:42+00:00,btc_mxn,1151659.98,1151660.02,0.0
2024-07-17 13:57:43+00:00,btc_mxn,1151659.98,1151660.02,0.0
2024-07-17 13:57:44+00:00,btc_mxn,1151659.98,1151660.02,0.0
2024-07-17 13:57:45+00:00,btc_mxn,1151659.98,1151660.02,0.0
2024-07-17 13:57:46+00:00,btc_mxn,1151659.98,1151660.02,0.0
2024-07-17 13:57:47+00:00,btc_mxn,1151659.98,1151660.02,0.0
2024-07-17 13:57:48+00:00,btc_mxn,1151659.98,1151660.02,0.0
2024-07-17 13:57:49+00:00,btc_mxn,1151659.98,1151660.02,0.0
2024-07-17 13:57:50+00:00,btc_mxn,1151659.98,1151660.02,0.0
2024-07-17 13:57:51+00:00,btc_mxn,1151659.98,1151660.02,0.0
2024-07-17 13:57:52+00:00,btc_mxn,1151659.98,1151660.02,0.0
2024-07-17 13:57:53+00:00,btc_mxn,1151659.98,1151660.02,0.0
2024-07-17 13:57:54+00:00,btc_mxn,1151659.98,1151660.02,0.0
2024-07-17 13:57:55+00:00,btc_mxn,1151659.98,1151660.02,0.0
2024-07-17 13:57:56+00:00,btc_mxn,1151659.98,1151660.02,0.0
2024-07-17 13:57:57+00:00,btc_mxn,1151659.98,1151660.02,0.0
2024-07-17 13:57:58+00:00,btc_mxn,1151659.98,1151660.02,0.0
2024-07-17 13:57:59+00:00,btc_mxn,1151659.98,1151660.02,0.0
2024-07-17 13:58:00+00:00,btc_mxn,1151659.98,1151660.02,0.0
2024-07-17 13:58:01+00:00,btc_mxn,1151659.98,1151660.02,0.0
2024-07-17 13:58:02+00:00,btc_mxn,1151659.98,1151660.02,0.0
2024-07-17 13:58:03+00:00,btc_mxn,1151659.98,1151660.02,0.0
2024-07-17 13:58:04+00:00,btc_mxn,1151659.98,1151660.02,0.0
2024-07-17 13:58:05+00:00,btc_mxn,1151659.98,1151660.02,0.0
2024-07-17 13:58:07+00:00,btc_mxn,1151659.98,1151660.02,0.0
2024-07-17 13:58:08+00:00,btc_mxn,1151659.98,1151660.02,0.0
2024-07-17 13:58:09+00:00,btc_mxn,1151659.98,1151660.02,0.0
2024-07-17 13:58:10+00:00,btc_mxn,1151659.98,1151660.02,0.0
2024-07-17 13:58:11+00:00,btc_mxn,1151659.98,1151660.02,0.0
2024-07-17 13:58:12+00:00,btc_mxn,1151659.98,1151660.02,0.0
2024-07-17 13:58:13+00:00,btc_mxn,1151659.98,1151660.02,0.0
2024-07-17 13:58:14+00:00,btc_mxn,1151659.98,1151660.02,0.0
2024-07-17 13:58:15+00:00,btc_mxn,1151659.98,1151660.02,0.0
2024-07-17 13:58:16+00:00,btc_mxn,1151659.98,1151660.02,0.0
2024-07-17 13:58:17+00:00,btc_mxn,1151659.98,1151660.02,0.0
2024-07-17 13:58:18+00:00,btc_mxn,1151659.98,1151660.02,0.0
2024-07-17 13:58:19+00:00,btc_mxn,1151659.98,1151660.02,0.0
2024-07-17 13:58:21+00:00,btc_mxn,1151659.98,1151660.02,0.0
2024-07-17 13:58:22+00:00,btc_mxn,1151659.98,1151660.02,0.0
2024-07-17 13:58:22+00:00,btc_mxn,1151659.98,1151660.02,0.0
2024-07-17 13:58:24+00:00,btc_mxn,1151659.98,1151660.02,0.0
2024-07-17 13:58:24+00:00,btc_mxn,1151659.98,1151660.02,0.0
2024-07-17 13:58:26+00:00,btc_mxn,1151659.98,1151660.02,0.0
2024-07-17 13:58:27+00:00,btc_mxn,1151659.98,1151660.02,0.0
2024-07-17 13:58:28+00:00,btc_mxn,1151659.98,1151660.02,0.0
2024-07-17 13:58:29+00:00,btc_mxn,1151659.98,1151660.02,0.0
2024-07-17 13:58:30+00:00,btc_mxn,1151659.98,1151660.02,0.0
2024-07-17 13:58:31+00:00,btc_mxn,1151659.98,1151660.02,0.0
2024-07-17 13:58:32+00:00,btc_mxn,1151659.98,1151660.02,0.0
2024-07-17 13:58:33+00:00,btc_mxn,1151659.98,1151660.02,0.0
2024-07-17 13:58:34+00:00,btc_mxn,1151659.98,1151660.02,0.0
2024-07-17 13:58:35+00:00,btc_mxn,1151659.98,1151660.02,0.0
2024-07-17 13:58:36+00:00,btc_mxn,1151659.98,1151660.02,0.0
2024-07-17 13:58:37+00:00,btc_mxn,1151659.98,1151660.02,0.0
2024-07-17 13:58:38+00:00,btc_mxn,1151659.98,1151660.02,0.0
2024-07-17 13:58:39+00:00,btc_mxn,1151659.98,1151660.02,0.0
2024-07-17 13:58:40+00:00,btc_mxn,1151659.98,1151660.02,0.0
2024-07-17 13:58:41+00:00,btc_mxn,1151659.98,1151660.02,0.0
2024-07-17 13:58:42+00:00,btc_mxn,1151659.98,1151660.02,0.0
2024-07-17 13:58:43+00:00,btc_mxn,1151659.98,1151660.02,0.0
2024-07-17 13:58:44+00:00,btc_mxn,1151659.98,1151660.02,0.0
2024-07-17 13:58:45+00:00,btc_mxn,1151659.98,1151660.02,0.0
2024-07-17 13:58:46+00:00,btc_mxn,1151659.98,1151660.02,0.0
2024-07-17 13:58:47+00:00,btc_mxn,1151659.98,1151660.02,0.0
2024-07-17 13:58:48+00:00,btc_mxn,1151659.98,1151660.02,0.0
2024-07-17 13:58:49+00:00,btc_mxn,1151659.98,1151660.02,0.0
2024-07-17 13:58:50+00:00,btc_mxn,1151659.98,1151660.02,0.0
2024-07-17 13:58:51+00:00,btc_mxn,1151659.98,1151660.02,0.0
2024-07-17 13:58:52+00:00,btc_mxn,1151659.98,1151660.02,0.0
2024-07-17 13:58:53+00:00,btc_mxn,1151659.98,1151660.02,0.0
2024-07-17 13:58:54+00:00,btc_mxn,1151659.98,1151660.02,0.0
2024-07-17 13:58:55+00:00,btc_mxn,1151659.98,1151660.02,0.0
2024-07-17 13:58:56+00:00,btc_mxn,1151659.98,1151660.02,0.0
2024-07-17 13:58:57+00:00,btc_mxn,1151659.98,1151660.02,0.0
2024-07-17 13:58:58+00:00,btc_mxn,1151659.98,1151660.02,0.0
2024-07-17 13:58:59+00:00,btc_mxn,1151659.98,1151660.02,0.0
2024-07-17 13:59:00+00:00,btc_mxn,1151659.98,1151660.02,0.0
2024-07-17 13:59:01+00:00,btc_mxn,1151659.98,1151660.02,0.0
2024-07-17 13:59:02+00:00,btc_mxn,1151659.98,1151660.02,0.0
2024-07-17 13:59:03+00:00,btc_mxn,1151659.98,1151660.02,0.0
2024-07-17 13:59:04+00:00,btc_mxn,1151659.98,1151660.02,0.0
2024-07-17 13:59:05+00:00,btc_mxn,1151659.98,1151660.02,0.0
2024-07-17 13:59:06+00:00,btc_mxn,1152130.0,1157280.0,0.445
2024-07-17 13:59:07+00:00,btc_mxn,1152150.0,1157280.0,0.443
2024-07-17 13:59:08+00:00,btc_mxn,1152200.0,1157280.0,0.439
2024-07-17 13:59:09+00:00,btc_mxn,1152200.0,1157280.0,0.439
2024-07-17 13:59:10+00:00,btc_mxn,1152200.0,1157280.0,0.439
2024-07-17 13:59:11+00:00,btc_mxn,1152320.0,1157280.0,0.429
2024-07-17 13:59:12+00:00,btc_mxn,1152320.0,1157280.0,0.429
2024-07-17 13:59:13+00:00,btc_mxn,1152430.0,1157280.0,0.419
2024-07-17 13:59:14+00:00,btc_mxn,1152430.0,1157280.0,0.419
2024-07-17 13:59:15+00:00,btc_mxn,1152430.0,1157280.0,0.419
2024-07-17 13:59:16+00:00,btc_mxn,1152550.0,1157280.0,0.409
2024-07-17 13:59:17+00:00,btc_mxn,1152550.0,1157280.0,0.409
2024-07-17 13:59:18+00:00,btc_mxn,1152660.0,1157280.0,0.399
2024-07-17 13:59:20+00:00,btc_mxn,1152660.0,1157280.0,0.399
2024-07-17 13:59:21+00:00,btc_mxn,1152660.0,1157280.0,0.399
2024-07-17 13:59:22+00:00,btc_mxn,1152660.0,1157280.0,0.399
2024-07-17 13:59:23+00:00,btc_mxn,1152660.0,1157280.0,0.399
2024-07-17 13:59:24+00:00,btc_mxn,1152660.0,1157280.0,0.399
2024-07-17 13:59:25+00:00,btc_mxn,1152660.0,1157280.0,0.399
2024-07-17 13:59:26+00:00,btc_mxn,1152660.0,1157280.0,0.399
2024-07-17 13:59:27+00:00,btc_mxn,1152660.0,1157280.0,0.399
2024-07-17 13:59:28+00:00,btc_mxn,1152660.0,1157280.0,0.399
2024-07-17 13:59:29+00:00,btc_mxn,1152660.0,1157280.0,0.399
2024-07-17 13:59:30+00:00,btc_mxn,1152660.0,1157280.0,0.399
2024-07-17 13:59:31+00:00,btc_mxn,1152710.0,1157280.0,0.395
2024-07-17 13:59:32+00:00,btc_mxn,1152710.0,1157280.0,0.395
2024-07-17 13:59:33+00:00,btc_mxn,1152710.0,1157280.0,0.395
2024-07-17 13:59:34+00:00,btc_mxn,1152710.0,1157280.0,0.395
2024-07-17 13:59:35+00:00,btc_mxn,1152710.0,1157280.0,0.395
2024-07-17 13:59:36+00:00,btc_mxn,1152710.0,1157280.0,0.395
2024-07-17 13:59:37+00:00,btc_mxn,1152710.0,1157280.0,0.395
2024-07-17 13:59:38+00:00,btc_mxn,1152710.0,1157280.0,0.395
2024-07-17 13:59:39+00:00,btc_mxn,1152710.0,1157280.0,0.395
2024-07-17 13:59:40+00:00,btc_mxn,1152710.0,1157280.0,0.395
2024-07-17 13:59:41+00:00,btc_mxn,1152710.0,1157280.0,0.395
2024-07-17 13:59:42+00:00,btc_mxn,1152710.0,1157280.0,0.395
2024-07-17 13:59:43+00:00,btc_mxn,1152710.0,1157280.0,0.395
2024-07-17 13:59:44+00:00,btc_mxn,1152710.0,1157280.0,0.395
2024-07-17 13:59:45+00:00,btc_mxn,1152710.0,1157280.0,0.395
2024-07-17 13:59:46+00:00,btc_mxn,1152710.0,1157280.0,0.395
2024-07-17 13:59:47+00:00,btc_mxn,1152710.0,1157280.0,0.395
2024-07-17 13:59:48+00:00,btc_mxn,1152710.0,1157280.0,0.395
2024-07-17 13:59:49+00:00,btc_mxn,1152710.0,1157280.0,0.395
2024-07-17 13:59:50+00:00,btc_mxn,1152710.0,1157280.0,0.395
2024-07-17 13:59:51+00:00,btc_mxn,1152710.0,1157280.0,0.395
2024-07-17 13:59:52+00:00,btc_mxn,1152710.0,1157280.0,0.395
2024-07-17 13:59:53+00:00,btc_mxn,1152710.0,1157280.0,0.395
2024-07-17 13:59:54+00:00,btc_mxn,1152710.0,1157280.0,0.395
2024-07-17 13:59:55+00:00,btc_mxn,1152710.0,1157280.0,0.395
2024-07-17 13:59:56+00:00,btc_mxn,1152710.0,1157280.0,0.395
2024-07-17 13:59:57+00:00,btc_mxn,1152710.0,1157280.0,0.395
2024-07-17 13:59:58+00:00,btc_mxn,1152710.0,1157280.0,0.395
2024-07-17 13:59:59+00:00,btc_mxn,1152710.0,1157280.0,0.395
2024-07-17 14:00:00+00:00,btc_mxn,1153460.0,1157280.0,0.33
2024-07-17 14:00:01+00:00,btc_mxn,1153460.0,1157280.0,0.33
2024-07-17 14:00:03+00:00,btc_mxn,1153540.0,1157280.0,0.323
2024-07-17 14:00:04+00:00,btc_mxn,1153540.0,1157280.0,0.323
2024-07-17 14:00:05+00:00,btc_mxn,1153540.0,1157280.0,0.323
2024-07-17 14:00:06+00:00,btc_mxn,1153540.0,1157280.0,0.323
2024-07-17 14:00:07+00:00,btc_mxn,1153600.0,1157280.0,0.318
2024-07-17 14:00:08+00:00,btc_mxn,1153640.0,1157280.0,0.315
2024-07-17 14:00:09+00:00,btc_mxn,1153640.0,1157280.0,0.315
2024-07-17 14:00:10+00:00,btc_mxn,1153640.0,1157280.0,0.315
2024-07-17 14:00:11+00:00,btc_mxn,1153640.0,1157280.0,0.315
2024-07-17 14:00:12+00:00,btc_mxn,1153740.0,1157280.0,0.306
2024-07-17 14:00:13+00:00,btc_mxn,1153740.0,1157280.0,0.306
2024-07-17 14:00:14+00:00,btc_mxn,1153740.0,1157280.0,0.306
2024-07-17 14:00:15+00:00,btc_mxn,1153740.0,1157280.0,0.306
2024-07-17 14:00:16+00:00,btc_mxn,1153740.0,1157280.0,0.306
2024-07-17 14:00:17+00:00,btc_mxn,1153740.0,1157280.0,0.306
2024-07-17 14:00:18+00:00,btc_mxn,1153740.0,1157280.0,0.306
2024-07-17 14:00:19+00:00,btc_mxn,1153820.0,1157280.0,0.299
2024-07-17 14:00:20+00:00,btc_mxn,1153820.0,1157280.0,0.299
2024-07-17 14:00:21+00:00,btc_mxn,1153820.0,1157280.0,0.299
2024-07-17 14:00:22+00:00,btc_mxn,1153820.0,1157280.0,0.299
2024-07-17 14:00:23+00:00,btc_mxn,1153820.0,1157280.0,0.299
2024-07-17 14:00:24+00:00,btc_mxn,1153820.0,1157280.0,0.299
2024-07-17 14:00:25+00:00,btc_mxn,1153820.0,1157280.0,0.299
2024-07-17 14:00:26+00:00,btc_mxn,1153820.0,1157280.0,0.299
2024-07-17 14:00:27+00:00,btc_mxn,1153820.0,1157280.0,0.299
2024-07-17 14:00:28+00:00,btc_mxn,1153820.0,1157280.0,0.299
2024-07-17 14:00:29+00:00,btc_mxn,1153820.0,1157280.0,0.299
2024-07-17 14:00:30+00:00,btc_mxn,1153820.0,1157280.0,0.299
2024-07-17 14:00:31+00:00,btc_mxn,1153820.0,1157280.0,0.299
2024-07-17 14:00:32+00:00,btc_mxn,1153820.0,1157280.0,0.299
2024-07-17 14:00:33+00:00,btc_mxn,1153820.0,1157280.0,0.299
2024-07-17 14:00:34+00:00,btc_mxn,1153820.0,1157280.0,0.299
2024-07-17 14:00:35+00:00,btc_mxn,1153820.0,1157280.0,0.299
2024-07-17 14:00:36+00:00,btc_mxn,1154010.0,1157280.0,0.283
2024-07-17 14:00:37+00:00,btc_mxn,1154010.0,1157280.0,0.283
2024-07-17 14:00:38+00:00,btc_mxn,1154010.0,1157280.0,0.283
2024-07-17 14:00:39+00:00,btc_mxn,1154010.0,1157280.0,0.283
2024-07-17 14:00:40+00:00,btc_mxn,1154010.0,1157280.0,0.283
2024-07-17 14:00:41+00:00,btc_mxn,1154010.0,1157280.0,0.283
2024-07-17 14:00:42+00:00,btc_mxn,1154010.0,1157280.0,0.283
2024-07-17 14:00:43+00:00,btc_mxn,1154010.0,1157280.0,0.283
2024-07-17 14:00:44+00:00,btc_mxn,1154010.0,1157280.0,0.283
2024-07-17 14:00:45+00:00,btc_mxn,1154010.0,1157280.0,0.283
2024-07-17 14:00:46+00:00,btc_mxn,1154010.0,1157280.0,0.283
2024-07-17 14:00:47+00:00,btc_mxn,1154010.0,1157280.0,0.283
2024-07-17 14:00:48+00:00,btc_mxn,1154010.0,1157280.0,0.283
2024-07-17 14:00:49+00:00,btc_mxn,1154010.0,1157280.0,0.283
2024-07-17 14:00:50+00:00,btc_mxn,1154010.0,1157280.0,0.283
2024-07-17 14:00:52+00:00,btc_mxn,1154010.0,1157280.0,0.283
2024-07-17 14:00:53+00:00,btc_mxn,1154010.0,1157280.0,0.283
2024-07-17 14:00:54+00:00,btc_mxn,1154010.0,1157280.0,0.283
2024-07-17 14:00:55+00:00,btc_mxn,1154010.0,1157280.0,0.283
2024-07-17 14:00:56+00:00,btc_mxn,1154010.0,1157280.0,0.283
2024-07-17 14:00:57+00:00,btc_mxn,1154010.0,1157280.0,0.283
2024-07-17 14:00:59+00:00,btc_mxn,1154010.0,1157280.0,0.283
2024-07-17 14:00:59+00:00,btc_mxn,1154010.0,1157280.0,0.283
2024-07-17 14:01:01+00:00,btc_mxn,1154010.0,1157280.0,0.283
2024-07-17 14:01:02+00:00,btc_mxn,1154010.0,1157280.0,0.283
2024-07-17 14:01:03+00:00,btc_mxn,1154140.0,1157280.0,0.271
2024-07-17 14:01:04+00:00,btc_mxn,1154140.0,1158540.0,0.38
2024-07-17 14:01:05+00:00,btc_mxn,1154230.0,1158540.0,0.372
2024-07-17 14:01:06+00:00,btc_mxn,1154280.0,1158540.0,0.368
2024-07-17 14:01:07+00:00,btc_mxn,1154280.0,1158540.0,0.368
2024-07-17 14:01:08+00:00,btc_mxn,1154280.0,1158540.0,0.368
2024-07-17 14:01:09+00:00,btc_mxn,1154280.0,1158540.0,0.368
2024-07-17 14:01:10+00:00,btc_mxn,1154280.0,1158540.0,0.368
2024-07-17 14:01:11+00:00,btc_mxn,1154280.0,1158540.0,0.368
2024-07-17 14:01:12+00:00,btc_mxn,1154280.0,1158540.0,0.368
2024-07-17 14:01:13+00:00,btc_mxn,1154280.0,1158540.0,0.368
2024-07-17 14:01:14+00:00,btc_mxn,1154280.0,1158540.0,0.368
2024-07-17 14:01:15+00:00,btc_mxn,1154280.0,1158540.0,0.368
2024-07-17 14:01:16+00:00,btc_mxn,1154280.0,1158540.0,0.368
2024-07-17 14:01:17+00:00,btc_mxn,1154280.0,1158540.0,0.368
2024-07-17 14:01:18+00:00,btc_mxn,1154280.0,1158540.0,0.368
2024-07-17 14:01:19+00:00,btc_mxn,1154280.0,1158540.0,0.368
2024-07-17 14:01:20+00:00,btc_mxn,1154280.0,1158540.0,0.368
2024-07-17 14:01:21+00:00,btc_mxn,1154280.0,1158540.0,0.368
2024-07-17 14:01:22+00:00,btc_mxn,1154280.0,1158540.0,0.368
2024-07-17 14:01:23+00:00,btc_mxn,1154280.0,1158540.0,0.368
2024-07-17 14:01:24+00:00,btc_mxn,1154280.0,1158540.0,0.368
2024-07-17 14:01:25+00:00,btc_mxn,1154280.0,1158540.0,0.368
2024-07-17 14:01:26+00:00,btc_mxn,1154280.0,1158540.0,0.368
2024-07-17 14:01:27+00:00,btc_mxn,1154280.0,1158540.0,0.368
2024-07-17 14:01:28+00:00,btc_mxn,1154280.0,1158540.0,0.368
2024-07-17 14:01:29+00:00,btc_mxn,1154280.0,1158540.0,0.368
2024-07-17 14:01:30+00:00,btc_mxn,1154280.0,1158540.0,0.368
2024-07-17 14:01:31+00:00,btc_mxn,1154280.0,1158540.0,0.368
2024-07-17 14:01:32+00:00,btc_mxn,1154280.0,1158540.0,0.368
2024-07-17 14:01:33+00:00,btc_mxn,1154280.0,1158540.0,0.368
2024-07-17 14:01:34+00:00,btc_mxn,1154280.0,1157100.0,0.244
2024-07-17 14:01:35+00:00,btc_mxn,1154280.0,1157100.0,0.244
2024-07-17 14:01:36+00:00,btc_mxn,1154280.0,1157100.0,0.244
2024-07-17 14:01:37+00:00,btc_mxn,1154280.0,1157100.0,0.244
2024-07-17 14:01:38+00:00,btc_mxn,1154280.0,1157100.0,0.244
2024-07-17 14:01:39+00:00,btc_mxn,1154280.0,1157100.0,0.244
2024-07-17 14:01:40+00:00,btc_mxn,1154280.0,1157100.0,0.244
2024-07-17 14:01:41+00:00,btc_mxn,1154280.0,1157100.0,0.244
2024-07-17 14:01:42+00:00,btc_mxn,1154280.0,1157100.0,0.244
2024-07-17 14:01:43+00:00,btc_mxn,1154280.0,1157100.0,0.244
2024-07-17 14:01:44+00:00,btc_mxn,1154280.0,1157100.0,0.244
2024-07-17 14:01:45+00:00,btc_mxn,1154280.0,1157100.0,0.244
2024-07-17 14:01:46+00:00,btc_mxn,1154280.0,1157100.0,0.244
2024-07-17 14:01:47+00:00,btc_mxn,1154280.0,1157100.0,0.244
2024-07-17 14:01:48+00:00,btc_mxn,1154280.0,1157100.0,0.244
2024-07-17 14:01:49+00:00,btc_mxn,1154280.0,1157100.0,0.244
2024-07-17 14:01:50+00:00,btc_mxn,1154280.0,1157100.0,0.244
2024-07-17 14:01:51+00:00,btc_mxn,1154280.0,1157100.0,0.244
2024-07-17 14:01:52+00:00,btc_mxn,1154280.0,1157100.0,0.244
2024-07-17 14:01:53+00:00,btc_mxn,1154280.0,1157100.0,0.244
2024-07-17 14:01:54+00:00,btc_mxn,1154280.0,1157100.0,0.244
2024-07-17 14:01:55+00:00,btc_mxn,1154280.0,1157100.0,0.244
2024-07-17 14:01:56+00:00,btc_mxn,1154280.0,1157100.0,0.244
2024-07-17 14:01:57+00:00,btc_mxn,1154280.0,1157100.0,0.244
2024-07-17 14:01:58+00:00,btc_mxn,1154280.0,1157100.0,0.244
2024-07-17 14:01:59+00:00,btc_mxn,1154280.0,1157100.0,0.244
2024-07-17 14:02:00+00:00,btc_mxn,1154280.0,1157100.0,0.244
2024-07-17 14:02:01+00:00,btc_mxn,1154280.0,1157100.0,0.244
2024-07-17 14:02:03+00:00,btc_mxn,1154280.0,1157100.0,0.244
2024-07-17 14:02:04+00:00,btc_mxn,1154280.0,1157100.0,0.244
2024-07-17 14:02:06+00:00,btc_mxn,1154340.0,1157100.0,0.239
2024-07-17 14:02:07+00:00,btc_mxn,1154340.0,1157100.0,0.239
2024-07-17 14:02:08+00:00,btc_mxn,1154340.0,1157100.0,0.239
2024-07-17 14:02:09+00:00,btc_mxn,1157369.98,1157370.02,0.0
2024-07-17 14:02:10+00:00,btc_mxn,1157369.98,1157370.02,0.0
2024-07-17 14:02:11+00:00,btc_mxn,1157369.98,1157370.02,0.0
2024-07-17 14:02:12+00:00,btc_mxn,1157369.98,1157370.02,0.0
2024-07-17 14:02:13+00:00,btc_mxn,1157369.98,1157370.02,0.0
2024-07-17 14:02:14+00:00,btc_mxn,1157369.98,1157370.02,0.0
2024-07-17 14:02:15+00:00,btc_mxn,1157369.98,1157370.02,0.0
2024-07-17 14:02:16+00:00,btc_mxn,1157369.98,1157370.02,0.0
2024-07-17 14:02:17+00:00,btc_mxn,1157369.98,1157370.02,0.0
2024-07-17 14:02:18+00:00,btc_mxn,1157369.98,1157370.02,0.0
2024-07-17 14:02:19+00:00,btc_mxn,1157369.98,1157370.02,0.0
2024-07-17 14:02:20+00:00,btc_mxn,1157369.98,1157370.02,0.0
2024-07-17 14:02:21+00:00,btc_mxn,1157369.98,1157370.02,0.0
2024-07-17 14:02:22+00:00,btc_mxn,1157369.98,1157370.02,0.0
2024-07-17 14:02:23+00:00,btc_mxn,1157369.98,1157370.02,0.0
2024-07-17 14:02:24+00:00,btc_mxn,1157369.98,1157370.02,0.0
2024-07-17 14:02:25+00:00,btc_mxn,1157369.98,1157370.02,0.0
2024-07-17 14:02:26+00:00,btc_mxn,1157369.98,1157370.02,0.0
2024-07-17 14:02:27+00:00,btc_mxn,1157369.98,1157370.02,0.0
2024-07-17 14:02:28+00:00,btc_mxn,1157369.98,1157370.02,0.0
2024-07-17 14:02:29+00:00,btc_mxn,1157369.98,1157370.02,0.0
2024-07-17 14:02:30+00:00,btc_mxn,1157369.98,1157370.02,0.0
2024-07-17 14:02:31+00:00,btc_mxn,1157369.98,1157370.02,0.0
2024-07-17 14:02:32+00:00,btc_mxn,1157369.98,1157370.02,0.0
2024-07-17 14:02:33+00:00,btc_mxn,1157369.98,1157370.02,0.0
2024-07-17 14:02:34+00:00,btc_mxn,1157369.98,1157370.02,0.0
2024-07-17 14:02:35+00:00,btc_mxn,1157369.98,1157370.02,0.0
2024-07-17 14:02:36+00:00,btc_mxn,1157369.98,1157370.02,0.0
2024-07-17 14:02:37+00:00,btc_mxn,1157369.98,1157370.02,0.0
2024-07-17 14:02:38+00:00,btc_mxn,1157369.98,1157370.02,0.0
2024-07-17 14:02:39+00:00,btc_mxn,1157369.98,1157370.02,0.0
2024-07-17 14:02:40+00:00,btc_mxn,1157369.98,1157370.02,0.0
2024-07-17 14:02:41+00:00,btc_mxn,1157369.98,1157370.02,0.0
2024-07-17 14:02:42+00:00,btc_mxn,1157369.98,1157370.02,0.0
2024-07-17 14:02:43+00:00,btc_mxn,1157369.98,1157370.02,0.0
2024-07-17 14:02:44+00:00,btc_mxn,1157369.98,1157370.02,0.0
2024-07-17 14:02:45+00:00,btc_mxn,1157369.98,1157370.02,0.0
2024-07-17 14:02:46+00:00,btc_mxn,1157369.98,1157370.02,0.0
2024-07-17 14:02:47+00:00,btc_mxn,1157369.98,1157370.02,0.0
2024-07-17 14:02:48+00:00,btc_mxn,1157369.98,1157370.02,0.0
2024-07-17 14:02:49+00:00,btc_mxn,1157369.98,1157370.02,0.0
2024-07-17 14:02:50+00:00,btc_mxn,1157369.98,1157370.02,0.0
2024-07-17 14:02:52+00:00,btc_mxn,1157369.98,1157370.02,0.0
2024-07-17 14:02:53+00:00,btc_mxn,1157369.98,1157370.02,0.0
2024-07-17 14:02:55+00:00,btc_mxn,1157369.98,1157370.02,0.0
2024-07-17 14:02:56+00:00,btc_mxn,1157369.98,1157370.02,0.0
2024-07-17 14:02:57+00:00,btc_mxn,1157369.98,1157370.02,0.0
2024-07-17 14:02:58+00:00,btc_mxn,1157369.98,1157370.02,0.0
2024-07-17 14:02:59+00:00,btc_mxn,1157369.98,1157370.02,0.0
2024-07-17 14:03:00+00:00,btc_mxn,1157369.98,1157370.02,0.0
2024-07-17 14:03:01+00:00,btc_mxn,1157369.98,1157370.02,0.0
2024-07-17 14:03:02+00:00,btc_mxn,1157369.98,1157370.02,0.0
2024-07-17 14:03:03+00:00,btc_mxn,1157369.98,1157370.02,0.0
2024-07-17 14:03:04+00:00,btc_mxn,1157369.98,1157370.02,0.0
2024-07-17 14:03:05+00:00,btc_mxn,1157369.98,1157370.02,0.0
2024-07-17 14:03:06+00:00,btc_mxn,1157369.98,1157370.02,0.0
2024-07-17 14:03:07+00:00,btc_mxn,1157369.98,1157370.02,0.0
2024-07-17 14:03:08+00:00,btc_mxn,1157369.98,1157370.02,0.0
2024-07-17 14:03:09+00:00,btc_mxn,1157369.98,1157370.02,0.0
2024-07-17 14:03:10+00:00,btc_mxn,1157369.98,1157370.02,0.0
2024-07-17 14:03:11+00:00,btc_mxn,1157369.98,1157370.02,0.0
2024-07-17 14:03:12+00:00,btc_mxn,1157369.98,1157370.02,0.0
2024-07-17 14:03:13+00:00,btc_mxn,1157369.98,1157370.02,0.0
2024-07-17 14:03:14+00:00,btc_mxn,1157369.98,1157370.02,0.0
2024-07-17 14:03:15+00:00,btc_mxn,1157369.98,1157370.02,0.0
2024-07-17 14:03:16+00:00,btc_mxn,1157369.98,1157370.02,0.0
2024-07-17 14:03:17+00:00,btc_mxn,1157369.98,1157370.02,0.0
2024-07-17 14:03:18+00:00,btc_mxn,1157369.98,1157370.02,0.0
2024-07-17 14:03:19+00:00,btc_mxn,1157369.98,1157370.02,0.0
2024-07-17 14:03:20+00:00,btc_mxn,1157369.98,1157370.02,0.0
2024-07-17 14:03:21+00:00,btc_mxn,1157369.98,1157370.02,0.0
2024-07-17 14:03:22+00:00,btc_mxn,1157369.98,1157370.02,0.0
2024-07-17 14:03:23+00:00,btc_mxn,1157369.98,1157370.02,0.0
2024-07-17 14:03:24+00:00,btc_mxn,1157369.98,1157370.02,0.0
2024-07-17 14:03:25+00:00,btc_mxn,1157369.98,1157370.02,0.0
2024-07-17 14:03:26+00:00,btc_mxn,1157369.98,1157370.02,0.0
2024-07-17 14:03:27+00:00,btc_mxn,1157369.98,1157370.02,0.0
2024-07-17 14:03:28+00:00,btc_mxn,1157369.98,1157370.02,0.0
2024-07-17 14:03:29+00:00,btc_mxn,1155150.0,1157130.0,0.171
2024-07-17 14:03:30+00:00,btc_mxn,1155150.0,1157130.0,0.171
2024-07-17 14:03:31+00:00,btc_mxn,1155150.0,1157130.0,0.171
2024-07-17 14:03:32+00:00,btc_mxn,1155150.0,1157130.0,0.171
2024-07-17 14:03:33+00:00,btc_mxn,1155210.0,1156850.0,0.142
2024-07-17 14:03:34+00:00,btc_mxn,1155210.0,1156850.0,0.142
2024-07-17 14:03:35+00:00,btc_mxn,1155210.0,1156290.0,0.093
2024-07-17 14:03:36+00:00,btc_mxn,1155210.0,1156290.0,0.093
2024-07-17 14:03:37+00:00,btc_mxn,1155210.0,1156290.0,0.093
2024-07-17 14:03:38+00:00,btc_mxn,1155210.0,1156290.0,0.093
2024-07-17 14:03:39+00:00,btc_mxn,1155210.0,1156290.0,0.093
2024-07-17 14:03:40+00:00,btc_mxn,1155210.0,1156290.0,0.093
2024-07-17 14:03:41+00:00,btc_mxn,1155210.0,1156290.0,0.093
2024-07-17 14:03:42+00:00,btc_mxn,1155210.0,1156290.0,0.093
2024-07-17 14:03:43+00:00,btc_mxn,1155210.0,1156290.0,0.093
2024-07-17 14:03:44+00:00,btc_mxn,1155210.0,1156290.0,0.093
2024-07-17 14:03:45+00:00,btc_mxn,1155210.0,1156290.0,0.093
2024-07-17 14:03:46+00:00,btc_mxn,1155210.0,1156290.0,0.093
2024-07-17 14:03:47+00:00,btc_mxn,1155210.0,1156290.0,0.093
2024-07-17 14:03:48+00:00,btc_mxn,1155210.0,1156290.0,0.093
2024-07-17 14:03:49+00:00,btc_mxn,1155210.0,1156290.0,0.093
2024-07-17 14:03:50+00:00,btc_mxn,1155210.0,1156290.0,0.093
2024-07-17 14:03:51+00:00,btc_mxn,1155210.0,1156290.0,0.093
2024-07-17 14:03:52+00:00,btc_mxn,1155210.0,1156290.0,0.093
2024-07-17 14:03:54+00:00,btc_mxn,1155210.0,1156290.0,0.093
2024-07-17 14:03:55+00:00,btc_mxn,1155210.0,1156290.0,0.093
2024-07-17 14:03:56+00:00,btc_mxn,1155210.0,1156290.0,0.093
2024-07-17 14:03:57+00:00,btc_mxn,1155210.0,1156290.0,0.093
2024-07-17 14:03:58+00:00,btc_mxn,1155210.0,1156290.0,0.093
2024-07-17 14:03:59+00:00,btc_mxn,1155210.0,1156290.0,0.093
2024-07-17 14:04:00+00:00,btc_mxn,1155210.0,1155750.0,0.047
2024-07-17 14:04:01+00:00,btc_mxn,1155210.0,1155750.0,0.047
2024-07-17 14:04:02+00:00,btc_mxn,1155210.0,1155750.0,0.047
2024-07-17 14:04:03+00:00,btc_mxn,1155210.0,1155640.0,0.037
2024-07-17 14:04:04+00:00,btc_mxn,1155210.0,1155630.0,0.036
2024-07-17 14:04:05+00:00,btc_mxn,1155210.0,1155630.0,0.036
2024-07-17 14:04:06+00:00,btc_mxn,1155210.0,1155630.0,0.036
2024-07-17 14:04:07+00:00,btc_mxn,1155210.0,1155630.0,0.036
2024-07-17 14:04:08+00:00,btc_mxn,1155210.0,1155630.0,0.036
2024-07-17 14:04:09+00:00,btc_mxn,1155210.0,1155630.0,0.036
2024-07-17 14:04:10+00:00,btc_mxn,1155210.0,1155630.0,0.036
2024-07-17 14:04:11+00:00,btc_mxn,1155210.0,1155630.0,0.036
2024-07-17 14:04:12+00:00,btc_mxn,1155210.0,1155630.0,0.036
2024-07-17 14:04:13+00:00,btc_mxn,1155210.0,1155630.0,0.036
2024-07-17 14:04:14+00:00,btc_mxn,1155210.0,1155630.0,0.036
2024-07-17 14:04:15+00:00,btc_mxn,1155210.0,1155630.0,0.036
2024-07-17 14:04:16+00:00,btc_mxn,1155210.0,1155630.0,0.036
2024-07-17 14:04:17+00:00,btc_mxn,1155210.0,1155630.0,0.036
2024-07-17 14:04:18+00:00,btc_mxn,1155210.0,1155630.0,0.036
2024-07-17 14:04:19+00:00,btc_mxn,1155210.0,1155630.0,0.036
2024-07-17 14:04:20+00:00,btc_mxn,1155210.0,1155630.0,0.036
2024-07-17 14:04:21+00:00,btc_mxn,1155210.0,1155630.0,0.036
2024-07-17 14:04:22+00:00,btc_mxn,1155210.0,1155630.0,0.036
2024-07-17 14:04:23+00:00,btc_mxn,1155210.0,1155630.0,0.036
2024-07-17 14:04:24+00:00,btc_mxn,1155210.0,1155630.0,0.036
2024-07-17 14:04:25+00:00,btc_mxn,1155210.0,1155630.0,0.036
2024-07-17 14:04:26+00:00,btc_mxn,1155210.0,1155630.0,0.036
2024-07-17 14:04:27+00:00,btc_mxn,1155210.0,1155630.0,0.036
2024-07-17 14:04:28+00:00,btc_mxn,1155210.0,1155630.0,0.036
2024-07-17 14:04:29+00:00,btc_mxn,1155210.0,1155630.0,0.036
2024-07-17 14:04:30+00:00,btc_mxn,1155210.0,1155630.0,0.036
2024-07-17 14:04:31+00:00,btc_mxn,1155210.0,1155630.0,0.036
2024-07-17 14:04:32+00:00,btc_mxn,1155210.0,1155630.0,0.036
2024-07-17 14:04:33+00:00,btc_mxn,1155150.0,1155160.0,0.001
2024-07-17 14:04:34+00:00,btc_mxn,1155150.0,1155160.0,0.001
2024-07-17 14:04:35+00:00,btc_mxn,1155150.0,1155630.0,0.042
2024-07-17 14:04:36+00:00,btc_mxn,1155150.0,1155630.0,0.042
2024-07-17 14:04:37+00:00,btc_mxn,1155150.0,1155630.0,0.042
2024-07-17 14:04:38+00:00,btc_mxn,1155150.0,1155630.0,0.042
2024-07-17 14:04:39+00:00,btc_mxn,1155150.0,1155630.0,0.042
2024-07-17 14:04:40+00:00,btc_mxn,1155150.0,1155630.0,0.042
2024-07-17 14:04:41+00:00,btc_mxn,1155150.0,1155630.0,0.042
2024-07-17 14:04:42+00:00,btc_mxn,1155150.0,1155630.0,0.042
2024-07-17 14:04:43+00:00,btc_mxn,1155150.0,1155630.0,0.042
2024-07-17 14:04:44+00:00,btc_mxn,1155150.0,1155630.0,0.042
2024-07-17 14:04:45+00:00,btc_mxn,1155150.0,1155630.0,0.042
2024-07-17 14:04:46+00:00,btc_mxn,1155150.0,1155630.0,0.042
2024-07-17 14:04:47+00:00,btc_mxn,1155150.0,1155630.0,0.042
2024-07-17 14:04:48+00:00,btc_mxn,1155150.0,1155630.0,0.042
2024-07-17 14:04:50+00:00,btc_mxn,1155150.0,1155630.0,0.042
2024-07-17 14:04:50+00:00,btc_mxn,1155150.0,1155630.0,0.042
2024-07-17 14:04:52+00:00,btc_mxn,1155150.0,1155630.0,0.042
2024-07-17 14:04:53+00:00,btc_mxn,1155150.0,1155630.0,0.042
2024-07-17 14:04:54+00:00,btc_mxn,1155150.0,1155630.0,0.042
2024-07-17 14:04:55+00:00,btc_mxn,1155150.0,1155630.0,0.042
2024-07-17 14:04:56+00:00,btc_mxn,1155150.0,1155630.0,0.042
2024-07-17 14:04:57+00:00,btc_mxn,1155150.0,1155630.0,0.042
2024-07-17 14:04:58+00:00,btc_mxn,1155150.0,1155630.0,0.042
2024-07-17 14:04:59+00:00,btc_mxn,1155150.0,1155630.0,0.042
2024-07-17 14:05:00+00:00,btc_mxn,1155150.0,1155630.0,0.042
2024-07-17 14:05:01+00:00,btc_mxn,1155150.0,1155640.0,0.042
2024-07-17 14:05:02+00:00,btc_mxn,1155150.0,1155640.0,0.042
2024-07-17 14:05:03+00:00,btc_mxn,1155150.0,1155640.0,0.042
2024-07-17 14:05:04+00:00,btc_mxn,1155150.0,1155640.0,0.042
2024-07-17 14:05:05+00:00,btc_mxn,1155150.0,1155470.0,0.028
2024-07-17 14:05:06+00:00,btc_mxn,1155150.0,1155470.0,0.028
2024-07-17 14:05:07+00:00,btc_mxn,1155150.0,1155470.0,0.028
2024-07-17 14:05:08+00:00,btc_mxn,1155150.0,1155480.0,0.029
2024-07-17 14:05:09+00:00,btc_mxn,1155150.0,1155480.0,0.029
2024-07-17 14:05:10+00:00,btc_mxn,1155150.0,1155480.0,0.029
2024-07-17 14:05:11+00:00,btc_mxn,1155150.0,1155480.0,0.029
2024-07-17 14:05:12+00:00,btc_mxn,1155150.0,1155480.0,0.029
2024-07-17 14:05:13+00:00,btc_mxn,1155150.0,1155430.0,0.024
2024-07-17 14:05:14+00:00,btc_mxn,1155150.0,1155430.0,0.024
2024-07-17 14:05:15+00:00,btc_mxn,1155150.0,1155480.0,0.029
2024-07-17 14:05:16+00:00,btc_mxn,1155150.0,1155420.0,0.023
2024-07-17 14:05:17+00:00,btc_mxn,1155150.0,1155420.0,0.023
2024-07-17 14:05:18+00:00,btc_mxn,1155150.0,1155420.0,0.023
2024-07-17 14:05:19+00:00,btc_mxn,1152020.0,1154910.0,0.25
2024-07-17 14:05:20+00:00,btc_mxn,1152020.0,1154910.0,0.25
2024-07-17 14:05:21+00:00,btc_mxn,1152020.0,1154910.0,0.25
2024-07-17 14:05:22+00:00,btc_mxn,1152020.0,1154910.0,0.25
2024-07-17 14:05:23+00:00,btc_mxn,1152020.0,1154530.0,0.217
2024-07-17 14:05:24+00:00,btc_mxn,1152020.0,1154530.0,0.217
2024-07-17 14:05:25+00:00,btc_mxn,1152020.0,1154530.0,0.217
2024-07-17 14:05:26+00:00,btc_mxn,1152020.0,1154530.0,0.217
2024-07-17 14:05:27+00:00,btc_mxn,1152020.0,1154530.0,0.217
2024-07-17 14:05:28+00:00,btc_mxn,1152020.0,1154530.0,0.217
2024-07-17 14:05:29+00:00,btc_mxn,1151630.0,1154530.0,0.251
2024-07-17 14:05:30+00:00,btc_mxn,1151300.0,1154500.0,0.277
2024-07-17 14:05:31+00:00,btc_mxn,1151300.0,1154500.0,0.277
2024-07-17 14:05:32+00:00,btc_mxn,1151300.0,1154500.0,0.277
2024-07-17 14:05:33+00:00,btc_mxn,1151300.0,1154500.0,0.277
2024-07-17 14:05:34+00:00,btc_mxn,1151300.0,1154500.0,0.277
2024-07-17 14:05:35+00:00,btc_mxn,1151300.0,1154500.0,0.277
2024-07-17 14:05:36+00:00,btc_mxn,1151300.0,1154500.0,0.277
2024-07-17 14:05:37+00:00,btc_mxn,1151300.0,1153970.0,0.231
2024-07-17 14:05:38+00:00,btc_mxn,1151300.0,1154500.0,0.277
2024-07-17 14:05:39+00:00,btc_mxn,1151300.0,1154500.0,0.277
2024-07-17 14:05:41+00:00,btc_mxn,1151300.0,1154500.0,0.277
2024-07-17 14:05:42+00:00,btc_mxn,1151300.0,1154500.0,0.277
2024-07-17 14:05:43+00:00,btc_mxn,1151300.0,1154500.0,0.277
2024-07-17 14:05:44+00:00,btc_mxn,1151300.0,1154500.0,0.277
2024-07-17 14:05:45+00:00,btc_mxn,1151300.0,1154500.0,0.277
2024-07-17 14:05:46+00:00,btc_mxn,1151300.0,1154500.0,0.277
2024-07-17 14:05:47+00:00,btc_mxn,1151300.0,1154500.0,0.277
2024-07-17 14:05:48+00:00,btc_mxn,1151300.0,1154500.0,0.277
2024-07-17 14:05:49+00:00,btc_mxn,1151300.0,1154500.0,0.277
2024-07-17 14:05:50+00:00,btc_mxn,1151300.0,1154500.0,0.277
2024-07-17 14:05:51+00:00,btc_mxn,1151300.0,1154500.0,0.277
2024-07-17 14:05:52+00:00,btc_mxn,1151300.0,1154500.0,0.277
2024-07-17 14:05:53+00:00,btc_mxn,1151300.0,1154500.0,0.277
2024-07-17 14:05:54+00:00,btc_mxn,1151300.0,1154500.0,0.277
2024-07-17 14:05:55+00:00,btc_mxn,1151300.0,1154500.0,0.277
2024-07-17 14:05:56+00:00,btc_mxn,1151300.0,1154500.0,0.277
2024-07-17 14:05:57+00:00,btc_mxn,1151300.0,1154500.0,0.277
2024-07-17 14:05:58+00:00,btc_mxn,1151300.0,1154500.0,0.277
2024-07-17 14:05:59+00:00,btc_mxn,1151300.0,1154500.0,0.277
2024-07-17 14:06:00+00:00,btc_mxn,1151300.0,1153190.0,0.164
2024-07-17 14:06:01+00:00,btc_mxn,1151300.0,1153190.0,0.164
2024-07-17 14:06:02+00:00,btc_mxn,1151300.0,1153190.0,0.164
2024-07-17 14:06:03+00:00,btc_mxn,1151300.0,1153190.0,0.164
2024-07-17 14:06:04+00:00,btc_mxn,1151300.0,1153190.0,0.164
2024-07-17 14:06:05+00:00,btc_mxn,1151300.0,1153190.0,0.164
2024-07-17 14:06:06+00:00,btc_mxn,1151300.0,1153130.0,0.159
2024-07-17 14:06:07+00:00,btc_mxn,1151300.0,1153130.0,0.159
2024-07-17 14:06:08+00:00,btc_mxn,1151300.0,1153070.0,0.154
2024-07-17 14:06:10+00:00,btc_mxn,1151300.0,1153070.0,0.154
2024-07-17 14:06:11+00:00,btc_mxn,1151300.0,1153070.0,0.154
2024-07-17 14:06:12+00:00,btc_mxn,1151300.0,1153070.0,0.154
2024-07-17 14:06:13+00:00,btc_mxn,1151300.0,1153070.0,0.154
2024-07-17 14:06:14+00:00,btc_mxn,1151300.0,1153070.0,0.154
2024-07-17 14:06:15+00:00,btc_mxn,1151300.0,1153070.0,0.154
2024-07-17 14:06:16+00:00,btc_mxn,1151300.0,1153070.0,0.154
2024-07-17 14:06:17+00:00,btc_mxn,1151300.0,1153070.0,0.154
2024-07-17 14:06:18+00:00,btc_mxn,1151300.0,1153070.0,0.154
2024-07-17 14:06:19+00:00,btc_mxn,1151300.0,1153070.0,0.154
2024-07-17 14:06:20+00:00,btc_mxn,1151300.0,1153070.0,0.154
2024-07-17 14:06:21+00:00,btc_mxn,1151300.0,1153070.0,0.154
2024-07-17 14:06:22+00:00,btc_mxn,1151300.0,1153070.0,0.154
2024-07-17 14:06:23+00:00,btc_mxn,1151300.0,1153070.0,0.154
2024-07-17 14:06:24+00:00,btc_mxn,1151300.0,1153070.0,0.154
2024-07-17 14:06:25+00:00,btc_mxn,1151300.0,1153070.0,0.154
2024-07-17 14:06:26+00:00,btc_mxn,1151300.0,1153070.0,0.154
2024-07-17 14:06:27+00:00,btc_mxn,1151300.0,1153070.0,0.154
2024-07-17 14:06:28+00:00,btc_mxn,1151300.0,1153070.0,0.154
2024-07-17 14:06:29+00:00,btc_mxn,1151300.0,1153070.0,0.154
2024-07-17 14:06:30+00:00,btc_mxn,1151300.0,1153070.0,0.154
2024-07-17 14:06:31+00:00,btc_mxn,1151300.0,1153070.0,0.154
2024-07-17 14:06:32+00:00,btc_mxn,1151300.0,1153070.0,0.154
2024-07-17 14:06:33+00:00,btc_mxn,1151300.0,1153070.0,0.154
2024-07-17 14:06:34+00:00,btc_mxn,1151300.0,1153070.0,0.154
2024-07-17 14:06:35+00:00,btc_mxn,1151300.0,1153070.0,0.154
2024-07-17 14:06:36+00:00,btc_mxn,1151300.0,1153070.0,0.154
2024-07-17 14:06:37+00:00,btc_mxn,1151300.0,1153070.0,0.154
2024-07-17 14:06:38+00:00,btc_mxn,1151300.0,1153070.0,0.154
2024-07-17 14:06:39+00:00,btc_mxn,1151300.0,1153070.0,0.154
2024-07-17 14:06:40+00:00,btc_mxn,1151300.0,1153070.0,0.154
2024-07-17 14:06:41+00:00,btc_mxn,1151300.0,1153070.0,0.154
2024-07-17 14:06:42+00:00,btc_mxn,1151300.0,1153070.0,0.154
2024-07-17 14:06:43+00:00,btc_mxn,1151300.0,1153070.0,0.154
2024-07-17 14:06:44+00:00,btc_mxn,1151300.0,1153070.0,0.154
2024-07-17 14:06:45+00:00,btc_mxn,1151300.0,1153070.0,0.154
2024-07-17 14:06:47+00:00,btc_mxn,1151300.0,1153070.0,0.154
