orderbook_timestamp,book,bid,ask,spread
2024-07-18 13:52:00+00:00,btc_mxn,1146920.0,1146920.02,0.0
2024-07-18 13:52:01+00:00,btc_mxn,1146920.0,1146920.02,0.0
2024-07-18 13:52:02+00:00,btc_mxn,1146920.0,1146920.02,0.0
2024-07-18 13:52:03+00:00,btc_mxn,1146920.0,1146920.02,0.0
2024-07-18 13:52:04+00:00,btc_mxn,1146919.98,1146920.02,0.0
2024-07-18 13:52:05+00:00,btc_mxn,1146919.98,1146920.02,0.0
2024-07-18 13:52:06+00:00,btc_mxn,1146919.98,1146920.02,0.0
2024-07-18 13:52:07+00:00,btc_mxn,1146919.98,1146920.02,0.0
2024-07-18 13:52:09+00:00,btc_mxn,1146919.98,1146920.02,0.0
2024-07-18 13:52:09+00:00,btc_mxn,1146919.98,1146920.02,0.0
2024-07-18 13:52:11+00:00,btc_mxn,1146919.98,1146920.02,0.0
2024-07-18 13:52:12+00:00,btc_mxn,1146919.98,1146920.02,0.0
2024-07-18 13:52:13+00:00,btc_mxn,1146919.98,1146920.02,0.0
2024-07-18 13:52:14+00:00,btc_mxn,1146919.98,1146920.02,0.0
2024-07-18 13:52:15+00:00,btc_mxn,1146919.98,1146920.02,0.0
2024-07-18 13:52:16+00:00,btc_mxn,1146919.98,1146920.02,0.0
2024-07-18 13:52:17+00:00,btc_mxn,1146919.98,1146920.02,0.0
2024-07-18 13:52:18+00:00,btc_mxn,1146919.98,1146920.02,0.0
2024-07-18 13:52:19+00:00,btc_mxn,1146919.98,1146920.02,0.0
2024-07-18 13:52:20+00:00,btc_mxn,1146919.98,1146920.02,0.0
2024-07-18 13:52:21+00:00,btc_mxn,1146919.98,1146920.02,0.0
2024-07-18 13:52:22+00:00,btc_mxn,1146919.98,1146920.02,0.0
2024-07-18 13:52:23+00:00,btc_mxn,1146919.98,1146920.02,0.0
2024-07-18 13:52:24+00:00,btc_mxn,1146919.98,1146920.02,0.0
2024-07-18 13:52:25+00:00,btc_mxn,1146919.98,1146920.02,0.0
2024-07-18 13:52:26+00:00,btc_mxn,1146919.98,1146920.02,0.0
2024-07-18 13:52:27+00:00,btc_mxn,1146919.98,1146920.02,0.0
2024-07-18 13:52:28+00:00,btc_mxn,1146919.98,1146920.02,0.0
2024-07-18 13:52:29+00:00,btc_mxn,1146919.98,1146920.02,0.0
2024-07-18 13:52:30+00:00,btc_mxn,1146919.98,1146920.02,0.0
2024-07-18 13:52:31+00:00,btc_mxn,1146919.98,1146920.02,0.0
2024-07-18 13:52:32+00:00,btc_mxn,1146919.98,1146920.02,0.0
2024-07-18 13:52:33+00:00,btc_mxn,1146919.98,1146920.02,0.0
2024-07-18 13:52:34+00:00,btc_mxn,1146919.98,1146920.02,0.0
2024-07-18 13:52:35+00:00,btc_mxn,1146919.98,1146920.02,0.0
2024-07-18 13:52:36+00:00,btc_mxn,1146919.98,1146920.02,0.0
2024-07-18 13:52:37+00:00,btc_mxn,1146919.98,1146920.02,0.0
2024-07-18 13:52:38+00:00,btc_mxn,1146919.98,1146920.02,0.0
2024-07-18 13:52:39+00:00,btc_mxn,1146919.98,1146920.02,0.0
2024-07-18 13:52:40+00:00,btc_mxn,1146919.98,1146920.02,0.0
2024-07-18 13:52:41+00:00,btc_mxn,1146919.98,1146920.02,0.0
2024-07-18 13:52:42+00:00,btc_mxn,1146919.98,1146920.02,0.0
2024-07-18 13:52:43+00:00,btc_mxn,1146919.98,1146920.02,0.0
2024-07-18 13:52:44+00:00,btc_mxn,1146919.98,1146920.02,0.0
2024-07-18 13:52:45+00:00,btc_mxn,1146919.98,1146920.02,0.0
2024-07-18 13:52:46+00:00,btc_mxn,1146919.98,1146920.02,0.0
2024-07-18 13:52:47+00:00,btc_mxn,1146919.98,1146920.02,0.0
2024-07-18 13:52:48+00:00,btc_mxn,1146919.98,1146920.02,0.0
2024-07-18 13:52:49+00:00,btc_mxn,1146919.98,1146920.02,0.0
2024-07-18 13:52:50+00:00,btc_mxn,1146919.98,1146920.02,0.0
2024-07-18 13:52:51+00:00,btc_mxn,1146919.98,1146920.02,0.0
2024-07-18 13:52:52+00:00,btc_mxn,1146919.98,1146920.02,0.0
2024-07-18 13:52:53+00:00,btc_mxn,1146919.98,1146920.02,0.0
2024-07-18 13:52:54+00:00,btc_mxn,1146919.98,1146920.02,0.0
2024-07-18 13:52:56+00:00,btc_mxn,1146919.98,1146920.02,0.0
2024-07-18 13:52:57+00:00,btc_mxn,1146919.98,1146920.02,0.0
2024-07-18 13:52:58+00:00,btc_mxn,1146919.98,1146920.02,0.0
2024-07-18 13:52:59+00:00,btc_mxn,1146919.98,1146920.02,0.0
2024-07-18 13:53:00+00:00,btc_mxn,1146919.98,1146920.02,0.0
2024-07-18 13:53:01+00:00,btc_mxn,1146919.98,1146920.02,0.0
2024-07-18 13:53:02+00:00,btc_mxn,1146919.98,1146920.02,0.0
2024-07-18 13:53:03+00:00,btc_mxn,1146919.98,1146920.02,0.0
2024-07-18 13:53:04+00:00,btc_mxn,1146919.98,1146920.02,0.0
2024-07-18 13:53:05+00:00,btc_mxn,1146919.98,1146920.02,0.0
2024-07-18 13:53:06+00:00,btc_mxn,1146919.98,1146920.02,0.0
2024-07-18 13:53:07+00:00,btc_mxn,1146919.98,1146920.02,0.0
2024-07-18 13:53:08+00:00,btc_mxn,1146919.98,1146920.02,0.0
2024-07-18 13:53:09+00:00,btc_mxn,1146919.98,1146920.02,0.0
2024-07-18 13:53:10+00:00,btc_mxn,1146919.98,1146920.02,0.0
2024-07-18 13:53:11+00:00,btc_mxn,1146919.98,1146920.02,0.0
2024-07-18 13:53:12+00:00,btc_mxn,1146919.98,1146920.02,0.0
2024-07-18 13:53:13+00:00,btc_mxn,1146919.98,1146920.02,0.0
2024-07-18 13:53:14+00:00,btc_mxn,1146919.98,1146920.02,0.0
2024-07-18 13:53:15+00:00,btc_mxn,1146919.98,1146920.02,0.0
2024-07-18 13:53:16+00:00,btc_mxn,1146919.98,1146920.02,0.0
2024-07-18 13:53:17+00:00,btc_mxn,1146919.98,1146920.02,0.0
2024-07-18 13:53:18+00:00,btc_mxn,1146919.98,1146920.02,0.0
2024-07-18 13:53:19+00:00,btc_mxn,1146919.98,1146920.02,0.0
2024-07-18 13:53:20+00:00,btc_mxn,1146919.98,1146920.02,0.0
2024-07-18 13:53:21+00:00,btc_mxn,1146919.98,1146920.02,0.0
2024-07-18 13:53:22+00:00,btc_mxn,1146919.98,1146920.02,0.0
2024-07-18 13:53:23+00:00,btc_mxn,1146919.98,1146920.02,0.0
2024-07-18 13:53:24+00:00,btc_mxn,1146919.98,1146920.02,0.0
2024-07-18 13:53:25+00:00,btc_mxn,1146919.98,1146920.02,0.0
2024-07-18 13:53:26+00:00,btc_mxn,1146919.98,1146920.02,0.0
2024-07-18 13:53:27+00:00,btc_mxn,1146919.98,1146920.02,0.0
2024-07-18 13:53:28+00:00,btc_mxn,1146919.98,1146920.02,0.0
2024-07-18 13:53:29+00:00,btc_mxn,1146919.98,1146920.02,0.0
2024-07-18 13:53:30+00:00,btc_mxn,1146919.98,1146920.02,0.0
2024-07-18 13:53:31+00:00,btc_mxn,1146919.98,1146920.02,0.0
2024-07-18 13:53:33+00:00,btc_mxn,1146919.98,1146920.02,0.0
2024-07-18 13:53:33+00:00,btc_mxn,1146919.98,1146920.02,0.0
2024-07-18 13:53:34+00:00,btc_mxn,1146919.98,1146920.02,0.0
2024-07-18 13:53:35+00:00,btc_mxn,1146919.98,1146920.02,0.0
2024-07-18 13:53:36+00:00,btc_mxn,1146919.98,1146920.02,0.0
2024-07-18 13:53:37+00:00,btc_mxn,1146919.98,1146920.02,0.0
2024-07-18 13:53:38+00:00,btc_mxn,1146919.98,1146920.02,0.0
2024-07-18 13:53:39+00:00,btc_mxn,1146919.98,1146920.02,0.0
2024-07-18 13:53:40+00:00,btc_mxn,1146919.98,1146920.02,0.0
2024-07-18 13:53:41+00:00,btc_mxn,1146919.98,1146920.02,0.0
2024-07-18 13:53:42+00:00,btc_mxn,1146919.98,1146920.02,0.0
2024-07-18 13:53:43+00:00,btc_mxn,1146919.98,1146920.02,0.0
2024-07-18 13:53:45+00:00,btc_mxn,1146919.98,1146920.02,0.0
2024-07-18 13:53:46+00:00,btc_mxn,1146919.98,1146920.02,0.0
2024-07-18 13:53:47+00:00,btc_mxn,1146919.98,1146920.02,0.0
2024-07-18 13:53:48+00:00,btc_mxn,1146919.98,1146920.02,0.0
2024-07-18 13:53:49+00:00,btc_mxn,1146919.98,1146920.02,0.0
2024-07-18 13:53:50+00:00,btc_mxn,1146919.98,1146920.02,0.0
2024-07-18 13:53:51+00:00,btc_mxn,1146919.98,1146920.02,0.0
2024-07-18 13:53:52+00:00,btc_mxn,1146919.98,1146920.02,0.0
2024-07-18 13:53:53+00:00,btc_mxn,1146919.98,1146920.02,0.0
2024-07-18 13:53:54+00:00,btc_mxn,1146919.98,1146920.02,0.0
2024-07-18 13:53:55+00:00,btc_mxn,1146919.98,1146920.02,0.0
2024-07-18 13:53:56+00:00,btc_mxn,1146919.98,1146920.02,0.0
2024-07-18 13:53:57+00:00,btc_mxn,1146919.98,1146920.02,0.0
2024-07-18 13:53:58+00:00,btc_mxn,1146919.98,1146920.02,0.0
2024-07-18 13:53:59+00:00,btc_mxn,1146919.98,1146920.02,0.0
2024-07-18 13:54:00+00:00,btc_mxn,1146919.98,1146920.02,0.0
2024-07-18 13:54:01+00:00,btc_mxn,1146919.98,1146920.02,0.0
2024-07-18 13:54:02+00:00,btc_mxn,1146919.98,1146920.02,0.0
2024-07-18 13:54:03+00:00,btc_mxn,1146919.98,1146920.02,0.0
2024-07-18 13:54:04+00:00,btc_mxn,1146919.98,1146920.02,0.0
2024-07-18 13:54:05+00:00,btc_mxn,1146919.98,1146920.02,0.0
2024-07-18 13:54:06+00:00,btc_mxn,1146919.98,1146920.02,0.0
2024-07-18 13:54:07+00:00,btc_mxn,1146919.98,1146920.02,0.0
2024-07-18 13:54:08+00:00,btc_mxn,1146919.98,1146920.02,0.0
2024-07-18 13:54:09+00:00,btc_mxn,1146919.98,1146920.02,0.0
2024-07-18 13:54:10+00:00,btc_mxn,1146919.98,1146920.02,0.0
2024-07-18 13:54:11+00:00,btc_mxn,1146919.98,1146920.02,0.0
2024-07-18 13:54:12+00:00,btc_mxn,1146919.98,1146920.02,0.0
2024-07-18 13:54:13+00:00,btc_mxn,1146919.98,1146920.02,0.0
2024-07-18 13:54:14+00:00,btc_mxn,1146919.98,1146920.02,0.0
2024-07-18 13:54:15+00:00,btc_mxn,1146919.98,1146920.02,0.0
2024-07-18 13:54:16+00:00,btc_mxn,1146919.98,1146920.02,0.0
2024-07-18 13:54:17+00:00,btc_mxn,1146919.98,1146920.02,0.0
2024-07-18 13:54:18+00:00,btc_mxn,1146919.98,1146920.02,0.0
2024-07-18 13:54:19+00:00,btc_mxn,1146919.98,1146920.02,0.0
2024-07-18 13:54:20+00:00,btc_mxn,1146919.98,1146920.02,0.0
2024-07-18 13:54:21+00:00,btc_mxn,1146919.98,1146920.02,0.0
2024-07-18 13:54:22+00:00,btc_mxn,1146919.98,1146920.02,0.0
2024-07-18 13:54:23+00:00,btc_mxn,1146919.98,1146920.02,0.0
2024-07-18 13:54:24+00:00,btc_mxn,1146919.98,1146920.02,0.0
2024-07-18 13:54:25+00:00,btc_mxn,1146919.98,1146920.0,0.0
2024-07-18 13:54:26+00:00,btc_mxn,1146919.98,1146920.0,0.0
2024-07-18 13:54:27+00:00,btc_mxn,1146919.98,1146920.0,0.0
2024-07-18 13:54:28+00:00,btc_mxn,1146919.98,1146920.0,0.0
2024-07-18 13:54:29+00:00,btc_mxn,1146919.98,1146920.0,0.0
2024-07-18 13:54:30+00:00,btc_mxn,1146919.98,1146920.0,0.0
2024-07-18 13:54:31+00:00,btc_mxn,1146919.98,1146920.0,0.0
2024-07-18 13:54:32+00:00,btc_mxn,1146919.98,1146920.0,0.0
2024-07-18 13:54:33+00:00,btc_mxn,1146919.98,1146920.0,0.0
2024-07-18 13:54:34+00:00,btc_mxn,1146919.98,1146920.0,0.0
2024-07-18 13:54:35+00:00,btc_mxn,1146919.98,1146920.0,0.0
2024-07-18 13:54:36+00:00,btc_mxn,1146919.98,1146920.0,0.0
2024-07-18 13:54:37+00:00,btc_mxn,1146919.98,1146920.0,0.0
2024-07-18 13:54:38+00:00,btc_mxn,1146919.98,1146920.0,0.0
2024-07-18 13:54:39+00:00,btc_mxn,1146919.98,1146920.0,0.0
2024-07-18 13:54:40+00:00,btc_mxn,1146919.98,1146920.0,0.0
2024-07-18 13:54:41+00:00,btc_mxn,1146919.98,1146920.0,0.0
2024-07-18 13:54:42+00:00,btc_mxn,1146919.98,1146920.0,0.0
2024-07-18 13:54:44+00:00,btc_mxn,1146919.98,1146920.0,0.0
2024-07-18 13:54:44+00:00,btc_mxn,1146919.98,1146920.0,0.0
2024-07-18 13:54:45+00:00,btc_mxn,1146919.98,1146920.0,0.0
2024-07-18 13:54:47+00:00,btc_mxn,1146919.98,1146920.0,0.0
2024-07-18 13:54:48+00:00,btc_mxn,1146919.98,1146920.0,0.0
2024-07-18 13:54:49+00:00,btc_mxn,1146919.98,1146920.0,0.0
2024-07-18 13:54:50+00:00,btc_mxn,1146919.98,1146920.0,0.0
2024-07-18 13:54:51+00:00,btc_mxn,1146919.98,1146920.0,0.0
2024-07-18 13:54:52+00:00,btc_mxn,1146919.98,1146920.0,0.0
2024-07-18 13:54:53+00:00,btc_mxn,1146919.98,1146920.0,0.0
2024-07-18 13:54:54+00:00,btc_mxn,1146919.98,1146920.0,0.0
2024-07-18 13:54:55+00:00,btc_mxn,1146919.98,1146920.0,0.0
2024-07-18 13:54:56+00:00,btc_mxn,1146919.98,1146920.0,0.0
2024-07-18 13:54:57+00:00,btc_mxn,1146919.98,1146920.0,0.0
2024-07-18 13:54:58+00:00,btc_mxn,1146919.98,1146920.0,0.0
2024-07-18 13:54:59+00:00,btc_mxn,1146919.98,1146920.0,0.0
2024-07-18 13:55:00+00:00,btc_mxn,1146919.98,1146920.0,0.0
2024-07-18 13:55:01+00:00,btc_mxn,1146919.98,1146920.0,0.0
2024-07-18 13:55:02+00:00,btc_mxn,1146919.98,1146920.0,0.0
2024-07-18 13:55:03+00:00,btc_mxn,1146919.98,1146920.02,0.0
2024-07-18 13:55:04+00:00,btc_mxn,1146919.98,1146920.02,0.0
2024-07-18 13:55:05+00:00,btc_mxn,1146919.98,1146920.02,0.0
2024-07-18 13:55:06+00:00,btc_mxn,1146919.98,1146920.02,0.0
2024-07-18 13:55:07+00:00,btc_mxn,1146919.98,1146920.02,0.0
2024-07-18 13:55:08+00:00,btc_mxn,1146919.98,1146920.02,0.0
2024-07-18 13:55:09+00:00,btc_mxn,1146919.98,1146920.02,0.0
2024-07-18 13:55:10+00:00,btc_mxn,1146919.98,1146920.02,0.0
2024-07-18 13:55:11+00:00,btc_mxn,1146919.98,1146920.02,0.0
2024-07-18 13:55:12+00:00,btc_mxn,1146919.98,1146920.02,0.0
2024-07-18 13:55:13+00:00,btc_mxn,1146919.98,1146920.02,0.0
2024-07-18 13:55:14+00:00,btc_mxn,1146919.98,1146920.02,0.0
2024-07-18 13:55:15+00:00,btc_mxn,1146919.98,1146920.02,0.0
2024-07-18 13:55:16+00:00,btc_mxn,1146919.98,1146920.02,0.0
2024-07-18 13:55:17+00:00,btc_mxn,1146919.98,1146920.02,0.0
2024-07-18 13:55:18+00:00,btc_mxn,1146919.98,1146920.02,0.0
2024-07-18 13:55:19+00:00,btc_mxn,1146919.98,1146920.02,0.0
2024-07-18 13:55:20+00:00,btc_mxn,1146919.98,1146920.02,0.0
2024-07-18 13:55:21+00:00,btc_mxn,1146919.98,1146920.02,0.0
2024-07-18 13:55:22+00:00,btc_mxn,1146919.98,1146920.02,0.0
2024-07-18 13:55:23+00:00,btc_mxn,1146919.98,1146920.02,0.0
2024-07-18 13:55:24+00:00,btc_mxn,1146919.98,1146920.02,0.0
2024-07-18 13:55:25+00:00,btc_mxn,1146919.98,1146920.02,0.0
2024-07-18 13:55:26+00:00,btc_mxn,1146919.98,1146920.02,0.0
2024-07-18 13:55:27+00:00,btc_mxn,1146919.98,1146920.02,0.0
2024-07-18 13:55:28+00:00,btc_mxn,1146919.98,1146920.02,0.0
2024-07-18 13:55:29+00:00,btc_mxn,1146919.98,1146920.02,0.0
2024-07-18 13:55:30+00:00,btc_mxn,1146919.98,1146920.02,0.0
2024-07-18 13:55:31+00:00,btc_mxn,1146919.98,1146920.02,0.0
2024-07-18 13:55:32+00:00,btc_mxn,1146919.98,1146920.02,0.0
2024-07-18 13:55:33+00:00,btc_mxn,1146919.98,1146920.02,0.0
2024-07-18 13:55:34+00:00,btc_mxn,1146919.98,1146920.02,0.0
2024-07-18 13:55:35+00:00,btc_mxn,1146919.98,1146920.02,0.0
2024-07-18 13:55:36+00:00,btc_mxn,1146919.98,1146920.02,0.0
2024-07-18 13:55:37+00:00,btc_mxn,1146919.98,1146920.02,0.0
2024-07-18 13:55:38+00:00,btc_mxn,1146919.98,1146920.02,0.0
2024-07-18 13:55:39+00:00,btc_mxn,1146919.98,1146920.02,0.0
2024-07-18 13:55:40+00:00,btc_mxn,1146919.98,1146920.02,0.0
2024-07-18 13:55:41+00:00,btc_mxn,1146919.98,1146920.02,0.0
2024-07-18 13:55:42+00:00,btc_mxn,1146919.98,1146920.02,0.0
2024-07-18 13:55:43+00:00,btc_mxn,1146919.98,1146920.02,0.0
2024-07-18 13:55:44+00:00,btc_mxn,1146919.98,1146920.02,0.0
2024-07-18 13:55:45+00:00,btc_mxn,1146919.98,1146920.02,0.0
2024-07-18 13:55:46+00:00,btc_mxn,1146919.98,1146920.02,0.0
2024-07-18 13:55:47+00:00,btc_mxn,1146919.98,1146920.02,0.0
2024-07-18 13:55:48+00:00,btc_mxn,1146919.98,1146920.02,0.0
2024-07-18 13:55:49+00:00,btc_mxn,1146919.98,1146920.02,0.0
2024-07-18 13:55:50+00:00,btc_mxn,1146919.98,1146920.02,0.0
2024-07-18 13:55:51+00:00,btc_mxn,1146919.98,1146920.02,0.0
2024-07-18 13:55:52+00:00,btc_mxn,1146919.98,1146920.02,0.0
2024-07-18 13:55:53+00:00,btc_mxn,1146919.98,1146920.02,0.0
2024-07-18 13:55:54+00:00,btc_mxn,1146919.98,1146920.02,0.0
2024-07-18 13:55:55+00:00,btc_mxn,1146919.98,1146920.02,0.0
2024-07-18 13:55:56+00:00,btc_mxn,1146919.98,1146920.02,0.0
2024-07-18 13:55:58+00:00,btc_mxn,1146919.98,1146920.02,0.0
2024-07-18 13:55:59+00:00,btc_mxn,1146919.98,1146920.02,0.0
2024-07-18 13:56:00+00:00,btc_mxn,1146919.98,1146920.02,0.0
2024-07-18 13:56:01+00:00,btc_mxn,1146919.98,1146920.02,0.0
2024-07-18 13:56:02+00:00,btc_mxn,1146510.0,1146680.0,0.015
2024-07-18 13:56:03+00:00,btc_mxn,1146510.0,1146640.0,0.011
2024-07-18 13:56:04+00:00,btc_mxn,1146510.0,1146620.0,0.01
2024-07-18 13:56:05+00:00,btc_mxn,1146510.0,1146550.0,0.003
2024-07-18 13:56:06+00:00,btc_mxn,1146510.0,1146550.0,0.003
2024-07-18 13:56:07+00:00,btc_mxn,1146889.98,1146890.02,0.0
2024-07-18 13:56:08+00:00,btc_mxn,1146889.98,1146890.02,0.0
2024-07-18 13:56:09+00:00,btc_mxn,1146889.98,1146890.02,0.0
2024-07-18 13:56:10+00:00,btc_mxn,1146889.98,1146890.02,0.0
2024-07-18 13:56:11+00:00,btc_mxn,1146889.98,1146890.02,0.0
2024-07-18 13:56:12+00:00,btc_mxn,1146889.98,1146890.02,0.0
2024-07-18 13:56:13+00:00,btc_mxn,1146889.98,1146890.02,0.0
2024-07-18 13:56:14+00:00,btc_mxn,1146889.98,1146890.02,0.0
2024-07-18 13:56:15+00:00,btc_mxn,1146889.98,1146890.02,0.0
2024-07-18 13:56:16+00:00,btc_mxn,1146889.98,1146890.02,0.0
2024-07-18 13:56:17+00:00,btc_mxn,1146889.98,1146890.02,0.0
2024-07-18 13:56:18+00:00,btc_mxn,1146889.98,1146890.02,0.0
2024-07-18 13:56:19+00:00,btc_mxn,1146889.98,1146890.02,0.0
2024-07-18 13:56:20+00:00,btc_mxn,1146889.98,1146890.02,0.0
2024-07-18 13:56:21+00:00,btc_mxn,1146889.98,1146890.02,0.0
2024-07-18 13:56:22+00:00,btc_mxn,1146889.98,1146890.02,0.0
2024-07-18 13:56:23+00:00,btc_mxn,1146889.98,1146890.02,0.0
2024-07-18 13:56:24+00:00,btc_mxn,1146889.98,1146890.02,0.0
2024-07-18 13:56:25+00:00,btc_mxn,1146889.98,1146890.02,0.0
2024-07-18 13:56:26+00:00,btc_mxn,1146889.98,1146890.02,0.0
2024-07-18 13:56:27+00:00,btc_mxn,1146889.98,1146890.02,0.0
2024-07-18 13:56:28+00:00,btc_mxn,1146889.98,1146890.02,0.0
2024-07-18 13:56:29+00:00,btc_mxn,1146889.98,1146890.02,0.0
2024-07-18 13:56:30+00:00,btc_mxn,1146889.98,1146890.02,0.0
2024-07-18 13:56:31+00:00,btc_mxn,1146889.98,1146890.02,0.0
2024-07-18 13:56:32+00:00,btc_mxn,1146889.98,1146890.02,0.0
2024-07-18 13:56:33+00:00,btc_mxn,1146889.98,1146890.02,0.0
2024-07-18 13:56:34+00:00,btc_mxn,1146889.98,1146890.02,0.0
2024-07-18 13:56:35+00:00,btc_mxn,1146889.98,1146890.02,0.0
2024-07-18 13:56:36+00:00,btc_mxn,1146889.98,1146890.02,0.0
2024-07-18 13:56:37+00:00,btc_mxn,1146889.98,1146890.02,0.0
2024-07-18 13:56:38+00:00,btc_mxn,1146889.98,1146890.02,0.0
2024-07-18 13:56:39+00:00,btc_mxn,1146889.98,1146890.02,0.0
2024-07-18 13:56:40+00:00,btc_mxn,1146889.98,1146890.02,0.0
2024-07-18 13:56:41+00:00,btc_mxn,1146889.98,1146890.02,0.0
2024-07-18 13:56:42+00:00,btc_mxn,1146889.98,1146890.02,0.0
2024-07-18 13:56:43+00:00,btc_mxn,1146889.98,1146890.02,0.0
2024-07-18 13:56:44+00:00,btc_mxn,1146889.98,1146890.02,0.0
2024-07-18 13:56:45+00:00,btc_mxn,1146889.98,1146890.02,0.0
2024-07-18 13:56:46+00:00,btc_mxn,1146889.98,1146890.02,0.0
2024-07-18 13:56:47+00:00,btc_mxn,1146889.98,1146890.02,0.0
2024-07-18 13:56:48+00:00,btc_mxn,1146889.98,1146890.02,0.0
2024-07-18 13:56:49+00:00,btc_mxn,1146889.98,1146890.02,0.0
2024-07-18 13:56:50+00:00,btc_mxn,1146889.98,1146890.02,0.0
2024-07-18 13:56:52+00:00,btc_mxn,1146889.98,1146890.02,0.0
2024-07-18 13:56:53+00:00,btc_mxn,1146889.98,1146890.02,0.0
2024-07-18 13:56:54+00:00,btc_mxn,1146889.98,1146890.02,0.0
2024-07-18 13:56:55+00:00,btc_mxn,1146889.98,1146890.02,0.0
2024-07-18 13:56:56+00:00,btc_mxn,1146889.98,1146890.02,0.0
2024-07-18 13:56:57+00:00,btc_mxn,1146889.98,1146890.02,0.0
2024-07-18 13:56:58+00:00,btc_mxn,1146889.98,1146890.02,0.0
2024-07-18 13:56:59+00:00,btc_mxn,1146889.98,1146890.02,0.0
2024-07-18 13:57:00+00:00,btc_mxn,1146889.98,1146890.02,0.0
2024-07-18 13:57:01+00:00,btc_mxn,1146889.98,1146890.02,0.0
2024-07-18 13:57:02+00:00,btc_mxn,1146889.98,1146890.02,0.0
2024-07-18 13:57:03+00:00,btc_mxn,1146889.98,1146890.02,0.0
2024-07-18 13:57:04+00:00,btc_mxn,1146889.98,1146890.02,0.0
2024-07-18 13:57:05+00:00,btc_mxn,1146889.98,1146890.02,0.0
2024-07-18 13:57:06+00:00,btc_mxn,1146889.98,1146890.02,0.0
2024-07-18 13:57:07+00:00,btc_mxn,1146889.98,1146890.02,0.0
2024-07-18 13:57:08+00:00,btc_mxn,1146889.98,1146890.02,0.0
2024-07-18 13:57:09+00:00,btc_mxn,1146889.98,1146890.02,0.0
2024-07-18 13:57:10+00:00,btc_mxn,1146889.98,1146890.02,0.0
2024-07-18 13:57:11+00:00,btc_mxn,1146889.98,1146890.02,0.0
2024-07-18 13:57:12+00:00,btc_mxn,1146889.98,1146890.02,0.0
2024-07-18 13:57:13+00:00,btc_mxn,1146889.98,1146890.02,0.0
2024-07-18 13:57:14+00:00,btc_mxn,1146889.98,1146890.02,0.0
2024-07-18 13:57:15+00:00,btc_mxn,1146889.98,1146890.02,0.0
2024-07-18 13:57:16+00:00,btc_mxn,1146889.98,1146890.02,0.0
2024-07-18 13:57:17+00:00,btc_mxn,1146889.98,1146890.02,0.0
2024-07-18 13:57:18+00:00,btc_mxn,1146889.98,1146890.02,0.0
2024-07-18 13:57:19+00:00,btc_mxn,1146889.98,1146890.02,0.0
2024-07-18 13:57:20+00:00,btc_mxn,1146889.98,1146890.02,0.0
2024-07-18 13:57:21+00:00,btc_mxn,1146889.98,1146890.02,0.0
2024-07-18 13:57:22+00:00,btc_mxn,1146889.98,1146890.02,0.0
2024-07-18 13:57:23+00:00,btc_mxn,1146889.98,1146890.02,0.0
2024-07-18 13:57:24+00:00,btc_mxn,1146889.98,1146890.02,0.0
2024-07-18 13:57:25+00:00,btc_mxn,1146889.98,1146890.02,0.0
2024-07-18 13:57:26+00:00,btc_mxn,1146889.98,1146890.02,0.0
2024-07-18 13:57:27+00:00,btc_mxn,1146889.98,1146890.02,0.0
2024-07-18 13:57:28+00:00,btc_mxn,1146889.98,1146890.02,0.0
2024-07-18 13:57:29+00:00,btc_mxn,1146889.98,1146890.02,0.0
2024-07-18 13:57:30+00:00,btc_mxn,1146889.98,1146890.02,0.0
2024-07-18 13:57:31+00:00,btc_mxn,1146889.98,1146890.02,0.0
2024-07-18 13:57:32+00:00,btc_mxn,1146889.98,1146890.02,0.0
2024-07-18 13:57:33+00:00,btc_mxn,1146889.98,1146890.02,0.0
2024-07-18 13:57:34+00:00,btc_mxn,1146889.98,1146890.02,0.0
2024-07-18 13:57:35+00:00,btc_mxn,1146889.98,1146890.02,0.0
2024-07-18 13:57:36+00:00,btc_mxn,1146889.98,1146890.02,0.0
2024-07-18 13:57:37+00:00,btc_mxn,1146889.98,1146890.02,0.0
2024-07-18 13:57:38+00:00,btc_mxn,1146889.98,1146890.02,0.0
2024-07-18 13:57:39+00:00,btc_mxn,1146889.98,1146890.02,0.0
2024-07-18 13:57:40+00:00,btc_mxn,1146889.98,1146890.02,0.0
2024-07-18 13:57:41+00:00,btc_mxn,1146889.98,1146890.02,0.0
2024-07-18 13:57:42+00:00,btc_mxn,1146889.98,1146890.02,0.0
2024-07-18 13:57:43+00:00,btc_mxn,1146889.98,1146890.02,0.0
2024-07-18 13:57:44+00:00,btc_mxn,1146889.98,1146890.02,0.0
2024-07-18 13:57:45+00:00,btc_mxn,1146889.98,1146890.02,0.0
2024-07-18 13:57:46+00:00,btc_mxn,1146889.98,1146890.02,0.0
2024-07-18 13:57:47+00:00,btc_mxn,1146889.98,1146890.02,0.0
2024-07-18 13:57:48+00:00,btc_mxn,1146889.98,1146890.02,0.0
2024-07-18 13:57:49+00:00,btc_mxn,1146889.98,1146890.02,0.0
2024-07-18 13:57:50+00:00,btc_mxn,1146889.98,1146890.02,0.0
2024-07-18 13:57:51+00:00,btc_mxn,1146889.98,1146890.02,0.0
2024-07-18 13:57:52+00:00,btc_mxn,1146889.98,1146890.02,0.0
2024-07-18 13:57:53+00:00,btc_mxn,1146889.98,1146890.02,0.0
2024-07-18 13:57:55+00:00,btc_mxn,1146889.98,1146890.02,0.0
2024-07-18 13:57:56+00:00,btc_mxn,1146889.98,1146890.02,0.0
2024-07-18 13:57:57+00:00,btc_mxn,1146889.98,1146890.02,0.0
2024-07-18 13:57:58+00:00,btc_mxn,1146889.98,1146890.02,0.0
2024-07-18 13:57:59+00:00,btc_mxn,1146889.98,1146890.02,0.0
2024-07-18 13:58:00+00:00,btc_mxn,1146889.98,1146890.02,0.0
2024-07-18 13:58:01+00:00,btc_mxn,1146889.98,1146890.02,0.0
2024-07-18 13:58:02+00:00,btc_mxn,1146889.98,1146890.02,0.0
2024-07-18 13:58:03+00:00,btc_mxn,1146889.98,1146890.02,0.0
2024-07-18 13:58:04+00:00,btc_mxn,1146889.98,1146890.02,0.0
2024-07-18 13:58:05+00:00,btc_mxn,1146889.98,1146890.02,0.0
2024-07-18 13:58:06+00:00,btc_mxn,1146889.98,1146890.02,0.0
2024-07-18 13:58:07+00:00,btc_mxn,1146889.98,1146890.02,0.0
2024-07-18 13:58:08+00:00,btc_mxn,1146889.98,1146890.02,0.0
2024-07-18 13:58:09+00:00,btc_mxn,1146889.98,1146890.02,0.0
2024-07-18 13:58:10+00:00,btc_mxn,1146889.98,1146890.02,0.0
2024-07-18 13:58:11+00:00,btc_mxn,1146889.98,1146890.02,0.0
2024-07-18 13:58:12+00:00,btc_mxn,1146889.98,1146890.02,0.0
2024-07-18 13:58:13+00:00,btc_mxn,1146889.98,1146890.02,0.0
2024-07-18 13:58:14+00:00,btc_mxn,1146889.98,1146890.02,0.0
2024-07-18 13:58:15+00:00,btc_mxn,1146889.98,1146890.02,0.0
2024-07-18 13:58:16+00:00,btc_mxn,1146889.98,1146890.02,0.0
2024-07-18 13:58:17+00:00,btc_mxn,1146889.98,1146890.02,0.0
2024-07-18 13:58:18+00:00,btc_mxn,1146889.98,1146890.02,0.0
2024-07-18 13:58:19+00:00,btc_mxn,1146889.98,1146890.02,0.0
2024-07-18 13:58:20+00:00,btc_mxn,1146889.98,1146890.02,0.0
2024-07-18 13:58:21+00:00,btc_mxn,1146889.98,1146890.02,0.0
2024-07-18 13:58:22+00:00,btc_mxn,1146889.98,1146890.02,0.0
2024-07-18 13:58:23+00:00,btc_mxn,1146889.98,1146890.02,0.0
2024-07-18 13:58:24+00:00,btc_mxn,1146889.98,1146890.02,0.0
2024-07-18 13:58:25+00:00,btc_mxn,1146889.98,1146890.02,0.0
2024-07-18 13:58:26+00:00,btc_mxn,1146889.98,1146890.02,0.0
2024-07-18 13:58:27+00:00,btc_mxn,1146889.98,1146890.02,0.0
2024-07-18 13:58:28+00:00,btc_mxn,1146889.98,1146890.02,0.0
2024-07-18 13:58:29+00:00,btc_mxn,1146889.98,1146890.02,0.0
2024-07-18 13:58:30+00:00,btc_mxn,1146889.98,1146890.02,0.0
2024-07-18 13:58:31+00:00,btc_mxn,1146889.98,1146890.02,0.0
2024-07-18 13:58:32+00:00,btc_mxn,1146889.98,1146890.02,0.0
2024-07-18 13:58:33+00:00,btc_mxn,1146889.98,1146890.02,0.0
2024-07-18 13:58:34+00:00,btc_mxn,1146889.98,1146890.02,0.0
2024-07-18 13:58:35+00:00,btc_mxn,1146889.98,1146890.02,0.0
2024-07-18 13:58:36+00:00,btc_mxn,1146889.98,1146890.02,0.0
2024-07-18 13:58:37+00:00,btc_mxn,1146889.98,1146890.02,0.0
2024-07-18 13:58:38+00:00,btc_mxn,1146889.98,1146890.02,0.0
2024-07-18 13:58:39+00:00,btc_mxn,1146889.98,1146890.02,0.0
2024-07-18 13:58:40+00:00,btc_mxn,1146889.98,1146890.02,0.0
2024-07-18 13:58:41+00:00,btc_mxn,1146889.98,1146890.02,0.0
2024-07-18 13:58:42+00:00,btc_mxn,1146889.98,1146890.02,0.0
2024-07-18 13:58:43+00:00,btc_mxn,1146889.98,1146890.02,0.0
2024-07-18 13:58:44+00:00,btc_mxn,1146889.98,1146890.02,0.0
2024-07-18 13:58:45+00:00,btc_mxn,1146889.98,1146890.02,0.0
2024-07-18 13:58:46+00:00,btc_mxn,1146889.98,1146890.02,0.0
2024-07-18 13:58:47+00:00,btc_mxn,1146889.98,1146890.02,0.0
2024-07-18 13:58:48+00:00,btc_mxn,1146889.98,1146890.02,0.0
2024-07-18 13:58:49+00:00,btc_mxn,1146889.98,1146890.02,0.0
2024-07-18 13:58:50+00:00,btc_mxn,1146889.98,1146890.02,0.0
2024-07-18 13:58:52+00:00,btc_mxn,1146889.98,1146890.02,0.0
2024-07-18 13:58:53+00:00,btc_mxn,1146889.98,1146890.02,0.0
2024-07-18 13:58:54+00:00,btc_mxn,1146889.98,1146890.02,0.0
2024-07-18 13:58:55+00:00,btc_mxn,1146889.98,1146890.02,0.0
2024-07-18 13:58:56+00:00,btc_mxn,1146889.98,1146890.02,0.0
2024-07-18 13:58:57+00:00,btc_mxn,1146889.98,1146890.02,0.0
2024-07-18 13:58:58+00:00,btc_mxn,1146889.98,1146890.02,0.0
2024-07-18 13:58:59+00:00,btc_mxn,1146889.98,1146890.02,0.0
2024-07-18 13:59:00+00:00,btc_mxn,1146889.98,1146890.02,0.0
2024-07-18 13:59:01+00:00,btc_mxn,1146889.98,1146890.02,0.0
2024-07-18 13:59:02+00:00,btc_mxn,1146889.98,1146890.02,0.0
2024-07-18 13:59:03+00:00,btc_mxn,1146889.98,1146890.02,0.0
2024-07-18 13:59:04+00:00,btc_mxn,1146889.98,1146890.02,0.0
2024-07-18 13:59:05+00:00,btc_mxn,1146889.98,1146890.02,0.0
2024-07-18 13:59:06+00:00,btc_mxn,1146889.98,1146890.02,0.0
2024-07-18 13:59:07+00:00,btc_mxn,1146889.98,1146890.02,0.0
2024-07-18 13:59:08+00:00,btc_mxn,1146889.98,1146890.02,0.0
2024-07-18 13:59:09+00:00,btc_mxn,1146889.98,1146890.02,0.0
2024-07-18 13:59:10+00:00,btc_mxn,1146889.98,1146890.02,0.0
2024-07-18 13:59:11+00:00,btc_mxn,1146889.98,1146890.02,0.0
2024-07-18 13:59:12+00:00,btc_mxn,1146889.98,1146890.02,0.0
2024-07-18 13:59:13+00:00,btc_mxn,1146889.98,1146890.02,0.0
2024-07-18 13:59:14+00:00,btc_mxn,1146889.98,1146890.02,0.0
2024-07-18 13:59:15+00:00,btc_mxn,1146889.98,1146890.02,0.0
2024-07-18 13:59:16+00:00,btc_mxn,1146889.98,1146890.02,0.0
2024-07-18 13:59:17+00:00,btc_mxn,1146889.98,1146890.02,0.0
2024-07-18 13:59:18+00:00,btc_mxn,1146889.98,1146890.02,0.0
2024-07-18 13:59:19+00:00,btc_mxn,1146889.98,1146890.02,0.0
2024-07-18 13:59:20+00:00,btc_mxn,1146889.98,1146890.02,0.0
2024-07-18 13:59:21+00:00,btc_mxn,1146889.98,1146890.02,0.0
2024-07-18 13:59:22+00:00,btc_mxn,1146889.98,1146890.02,0.0
2024-07-18 13:59:23+00:00,btc_mxn,1146889.98,1146890.02,0.0
2024-07-18 13:59:24+00:00,btc_mxn,1146889.98,1146890.02,0.0
2024-07-18 13:59:25+00:00,btc_mxn,1146889.98,1146890.02,0.0
2024-07-18 13:59:26+00:00,btc_mxn,1146889.98,1146890.02,0.0
2024-07-18 13:59:27+00:00,btc_mxn,1146889.98,1146890.02,0.0
2024-07-18 13:59:28+00:00,btc_mxn,1146889.98,1146890.02,0.0
2024-07-18 13:59:29+00:00,btc_mxn,1146889.98,1146890.02,0.0
2024-07-18 13:59:30+00:00,btc_mxn,1146889.98,1146890.02,0.0
2024-07-18 13:59:31+00:00,btc_mxn,1146889.98,1146890.02,0.0
2024-07-18 13:59:32+00:00,btc_mxn,1146889.98,1146890.02,0.0
2024-07-18 13:59:33+00:00,btc_mxn,1146889.98,1146890.02,0.0
2024-07-18 13:59:34+00:00,btc_mxn,1146889.98,1146890.02,0.0
2024-07-18 13:59:35+00:00,btc_mxn,1146889.98,1146890.02,0.0
2024-07-18 13:59:36+00:00,btc_mxn,1146889.98,1146890.02,0.0
2024-07-18 13:59:37+00:00,btc_mxn,1146889.98,1146890.02,0.0
2024-07-18 13:59:38+00:00,btc_mxn,1146889.98,1146890.02,0.0
2024-07-18 13:59:39+00:00,btc_mxn,1146889.98,1146890.02,0.0
2024-07-18 13:59:40+00:00,btc_mxn,1146889.98,1146890.02,0.0
2024-07-18 13:59:41+00:00,btc_mxn,1146889.98,1146890.02,0.0
2024-07-18 13:59:42+00:00,btc_mxn,1146889.98,1146890.02,0.0
2024-07-18 13:59:43+00:00,btc_mxn,1146889.98,1146890.02,0.0
2024-07-18 13:59:44+00:00,btc_mxn,1146889.98,1146890.02,0.0
2024-07-18 13:59:45+00:00,btc_mxn,1146889.98,1146890.02,0.0
2024-07-18 13:59:46+00:00,btc_mxn,1146889.98,1146890.02,0.0
2024-07-18 13:59:47+00:00,btc_mxn,1146889.98,1146890.02,0.0
2024-07-18 13:59:48+00:00,btc_mxn,1146889.98,1146890.02,0.0
2024-07-18 13:59:49+00:00,btc_mxn,1146889.98,1146890.02,0.0
2024-07-18 13:59:50+00:00,btc_mxn,1146889.98,1146890.02,0.0
2024-07-18 13:59:51+00:00,btc_mxn,1146889.98,1146890.02,0.0
2024-07-18 13:59:52+00:00,btc_mxn,1146889.98,1146890.02,0.0
2024-07-18 13:59:53+00:00,btc_mxn,1146889.98,1146890.02,0.0
2024-07-18 13:59:55+00:00,btc_mxn,1146889.98,1146890.02,0.0
2024-07-18 13:59:56+00:00,btc_mxn,1146889.98,1146890.02,0.0
2024-07-18 13:59:57+00:00,btc_mxn,1146889.98,1146890.02,0.0
2024-07-18 13:59:58+00:00,btc_mxn,1146889.98,1146890.02,0.0
2024-07-18 13:59:59+00:00,btc_mxn,1146889.98,1146890.02,0.0
2024-07-18 14:00:00+00:00,btc_mxn,1146889.98,1146890.02,0.0
2024-07-18 14:00:01+00:00,btc_mxn,1146889.98,1146890.02,0.0
2024-07-18 14:00:02+00:00,btc_mxn,1146889.98,1146890.02,0.0
2024-07-18 14:00:03+00:00,btc_mxn,1146889.98,1146890.02,0.0
2024-07-18 14:00:04+00:00,btc_mxn,1146889.98,1146890.02,0.0
2024-07-18 14:00:05+00:00,btc_mxn,1146889.98,1146890.02,0.0
2024-07-18 14:00:06+00:00,btc_mxn,1146889.98,1146890.02,0.0
2024-07-18 14:00:07+00:00,btc_mxn,1146889.98,1146890.02,0.0
2024-07-18 14:00:08+00:00,btc_mxn,1146889.98,1146890.02,0.0
2024-07-18 14:00:09+00:00,btc_mxn,1146889.98,1146890.02,0.0
2024-07-18 14:00:10+00:00,btc_mxn,1146889.98,1146890.02,0.0
2024-07-18 14:00:11+00:00,btc_mxn,1146889.98,1146890.02,0.0
2024-07-18 14:00:12+00:00,btc_mxn,1146889.98,1146890.02,0.0
2024-07-18 14:00:13+00:00,btc_mxn,1146889.98,1146890.02,0.0
2024-07-18 14:00:14+00:00,btc_mxn,1146889.98,1146890.02,0.0
2024-07-18 14:00:15+00:00,btc_mxn,1146889.98,1146890.02,0.0
2024-07-18 14:00:16+00:00,btc_mxn,1146889.98,1146890.02,0.0
2024-07-18 14:00:17+00:00,btc_mxn,1146889.98,1146890.02,0.0
2024-07-18 14:00:18+00:00,btc_mxn,1146889.98,1146890.02,0.0
2024-07-18 14:00:19+00:00,btc_mxn,1146889.98,1146890.02,0.0
2024-07-18 14:00:20+00:00,btc_mxn,1146889.98,1146890.02,0.0
2024-07-18 14:00:21+00:00,btc_mxn,1146889.98,1146890.02,0.0
2024-07-18 14:00:22+00:00,btc_mxn,1146889.98,1146890.02,0.0
2024-07-18 14:00:23+00:00,btc_mxn,1146889.98,1146890.02,0.0
2024-07-18 14:00:24+00:00,btc_mxn,1146889.98,1146890.02,0.0
2024-07-18 14:00:25+00:00,btc_mxn,1146889.98,1146890.02,0.0
2024-07-18 14:00:26+00:00,btc_mxn,1146889.98,1146890.02,0.0
2024-07-18 14:00:27+00:00,btc_mxn,1146889.98,1146890.02,0.0
2024-07-18 14:00:28+00:00,btc_mxn,1146889.98,1146890.02,0.0
2024-07-18 14:00:29+00:00,btc_mxn,1146889.98,1146890.02,0.0
2024-07-18 14:00:30+00:00,btc_mxn,1146889.98,1146890.02,0.0
2024-07-18 14:00:31+00:00,btc_mxn,1146889.98,1146890.02,0.0
2024-07-18 14:00:32+00:00,btc_mxn,1146889.98,1146890.02,0.0
2024-07-18 14:00:33+00:00,btc_mxn,1146889.98,1146890.02,0.0
2024-07-18 14:00:34+00:00,btc_mxn,1146889.98,1146890.02,0.0
2024-07-18 14:00:35+00:00,btc_mxn,1146889.98,1146890.02,0.0
2024-07-18 14:00:36+00:00,btc_mxn,1146889.98,1146890.02,0.0
2024-07-18 14:00:37+00:00,btc_mxn,1146889.98,1146890.02,0.0
2024-07-18 14:00:38+00:00,btc_mxn,1146889.98,1146890.02,0.0
2024-07-18 14:00:39+00:00,btc_mxn,1146889.98,1146890.02,0.0
2024-07-18 14:00:40+00:00,btc_mxn,1146889.98,1146890.02,0.0
2024-07-18 14:00:41+00:00,btc_mxn,1146889.98,1146890.02,0.0
2024-07-18 14:00:42+00:00,btc_mxn,1146889.98,1146890.02,0.0
2024-07-18 14:00:43+00:00,btc_mxn,1146889.98,1146890.02,0.0
2024-07-18 14:00:44+00:00,btc_mxn,1146889.98,1146890.02,0.0
2024-07-18 14:00:45+00:00,btc_mxn,1146889.98,1146890.02,0.0
2024-07-18 14:00:46+00:00,btc_mxn,1146889.98,1146890.02,0.0
2024-07-18 14:00:47+00:00,btc_mxn,1146889.98,1146890.02,0.0
2024-07-18 14:00:48+00:00,btc_mxn,1146889.98,1146890.02,0.0
2024-07-18 14:00:49+00:00,btc_mxn,1146889.98,1146890.02,0.0
2024-07-18 14:00:50+00:00,btc_mxn,1146889.98,1146890.02,0.0
2024-07-18 14:00:51+00:00,btc_mxn,1146889.98,1146890.02,0.0
2024-07-18 14:00:52+00:00,btc_mxn,1146889.98,1146890.02,0.0
2024-07-18 14:00:53+00:00,btc_mxn,1146889.98,1146890.02,0.0
2024-07-18 14:00:54+00:00,btc_mxn,1146889.98,1146890.02,0.0
2024-07-18 14:00:55+00:00,btc_mxn,1146889.98,1146890.02,0.0
2024-07-18 14:00:56+00:00,btc_mxn,1146889.98,1146890.02,0.0
2024-07-18 14:00:57+00:00,btc_mxn,1146889.98,1146890.02,0.0
2024-07-18 14:00:58+00:00,btc_mxn,1146889.98,1146890.02,0.0
2024-07-18 14:00:59+00:00,btc_mxn,1146889.98,1146890.02,0.0
2024-07-18 14:01:00+00:00,btc_mxn,1146889.98,1146890.02,0.0
2024-07-18 14:01:01+00:00,btc_mxn,1146889.98,1146890.02,0.0
2024-07-18 14:01:02+00:00,btc_mxn,1146889.98,1146890.02,0.0
2024-07-18 14:01:03+00:00,btc_mxn,1146889.98,1146890.02,0.0
2024-07-18 14:01:04+00:00,btc_mxn,1146889.98,1146890.02,0.0
2024-07-18 14:01:05+00:00,btc_mxn,1146889.98,1146890.02,0.0
2024-07-18 14:01:06+00:00,btc_mxn,1146889.98,1146890.02,0.0
2024-07-18 14:01:07+00:00,btc_mxn,1146699.98,1146700.02,0.0
2024-07-18 14:01:08+00:00,btc_mxn,1146699.98,1146700.02,0.0
2024-07-18 14:01:09+00:00,btc_mxn,1146699.98,1146700.02,0.0
2024-07-18 14:01:10+00:00,btc_mxn,1146699.98,1146700.02,0.0
2024-07-18 14:01:11+00:00,btc_mxn,1146699.98,1146700.02,0.0
2024-07-18 14:01:12+00:00,btc_mxn,1146699.98,1146700.02,0.0
2024-07-18 14:01:13+00:00,btc_mxn,1146699.98,1146700.02,0.0
2024-07-18 14:01:14+00:00,btc_mxn,1146699.98,1146700.02,0.0
2024-07-18 14:01:15+00:00,btc_mxn,1146699.98,1146700.02,0.0
2024-07-18 14:01:17+00:00,btc_mxn,1146699.98,1146700.02,0.0
2024-07-18 14:01:17+00:00,btc_mxn,1146699.98,1146700.02,0.0
2024-07-18 14:01:19+00:00,btc_mxn,1146699.98,1146700.02,0.0
2024-07-18 14:01:20+00:00,btc_mxn,1146699.98,1146700.02,0.0
2024-07-18 14:01:21+00:00,btc_mxn,1146699.98,1146700.02,0.0
2024-07-18 14:01:22+00:00,btc_mxn,1146699.98,1146700.02,0.0
2024-07-18 14:01:23+00:00,btc_mxn,1146699.98,1146700.02,0.0
2024-07-18 14:01:24+00:00,btc_mxn,1146699.98,1146700.02,0.0
2024-07-18 14:01:25+00:00,btc_mxn,1146699.98,1146700.02,0.0
2024-07-18 14:01:26+00:00,btc_mxn,1146699.98,1146700.02,0.0
2024-07-18 14:01:27+00:00,btc_mxn,1146699.98,1146700.02,0.0
2024-07-18 14:01:28+00:00,btc_mxn,1146699.98,1146700.02,0.0
2024-07-18 14:01:29+00:00,btc_mxn,1146699.98,1146700.02,0.0
2024-07-18 14:01:30+00:00,btc_mxn,1146699.98,1146700.02,0.0
2024-07-18 14:01:31+00:00,btc_mxn,1146699.98,1146700.02,0.0
2024-07-18 14:01:32+00:00,btc_mxn,1146699.98,1146700.02,0.0
2024-07-18 14:01:33+00:00,btc_mxn,1146699.98,1146700.02,0.0
2024-07-18 14:01:34+00:00,btc_mxn,1146699.98,1146700.02,0.0
2024-07-18 14:01:35+00:00,btc_mxn,1146699.98,1146700.02,0.0
2024-07-18 14:01:36+00:00,btc_mxn,1146699.98,1146700.02,0.0
2024-07-18 14:01:37+00:00,btc_mxn,1146699.98,1146700.02,0.0
2024-07-18 14:01:38+00:00,btc_mxn,1146699.98,1146700.02,0.0
2024-07-18 14:01:39+00:00,btc_mxn,1146699.98,1146700.02,0.0
2024-07-18 14:01:40+00:00,btc_mxn,1146699.98,1146700.02,0.0
2024-07-18 14:01:41+00:00,btc_mxn,1146699.98,1146700.02,0.0
2024-07-18 14:01:42+00:00,btc_mxn,1146699.98,1146700.02,0.0
2024-07-18 14:01:43+00:00,btc_mxn,1146699.98,1146700.02,0.0
2024-07-18 14:01:44+00:00,btc_mxn,1146699.98,1146700.02,0.0
2024-07-18 14:01:45+00:00,btc_mxn,1146699.98,1146700.02,0.0
2024-07-18 14:01:46+00:00,btc_mxn,1146699.98,1146700.02,0.0
2024-07-18 14:01:47+00:00,btc_mxn,1146699.98,1146700.02,0.0
2024-07-18 14:01:48+00:00,btc_mxn,1146699.98,1146700.02,0.0
2024-07-18 14:01:49+00:00,btc_mxn,1146699.98,1146700.02,0.0
2024-07-18 14:01:50+00:00,btc_mxn,1146699.98,1146700.02,0.0
2024-07-18 14:01:51+00:00,btc_mxn,1146699.98,1146700.02,0.0
2024-07-18 14:01:52+00:00,btc_mxn,1146699.98,1146700.02,0.0
2024-07-18 14:01:53+00:00,btc_mxn,1146699.98,1146700.02,0.0
2024-07-18 14:01:54+00:00,btc_mxn,1146699.98,1146700.02,0.0
2024-07-18 14:01:55+00:00,btc_mxn,1146699.98,1146700.02,0.0
2024-07-18 14:01:56+00:00,btc_mxn,1146699.98,1146700.02,0.0
2024-07-18 14:01:57+00:00,btc_mxn,1146699.98,1146700.02,0.0
2024-07-18 14:01:58+00:00,btc_mxn,1146699.98,1146700.02,0.0
2024-07-18 14:01:59+00:00,btc_mxn,1146699.98,1146700.02,0.0
2024-07-18 14:02:00+00:00,btc_mxn,1146699.98,1146700.02,0.0
2024-07-18 14:02:01+00:00,btc_mxn,1146699.98,1146700.02,0.0
2024-07-18 14:02:02+00:00,btc_mxn,1146699.98,1146700.02,0.0
2024-07-18 14:02:03+00:00,btc_mxn,1146699.98,1146700.02,0.0
2024-07-18 14:02:04+00:00,btc_mxn,1146699.98,1146700.02,0.0
2024-07-18 14:02:05+00:00,btc_mxn,1146699.98,1146700.02,0.0
2024-07-18 14:02:06+00:00,btc_mxn,1146699.98,1146700.02,0.0
2024-07-18 14:02:07+00:00,btc_mxn,1146699.98,1146700.02,0.0
2024-07-18 14:02:08+00:00,btc_mxn,1146699.98,1146700.02,0.0
2024-07-18 14:02:09+00:00,btc_mxn,1146699.98,1146700.02,0.0
