orderbook_timestamp,book,bid,ask,spread
2024-07-17 17:17:57+00:00,usd_mxn,17.72,17.73,0.056
2024-07-17 17:17:58+00:00,usd_mxn,17.72,17.73,0.056
2024-07-17 17:17:59+00:00,usd_mxn,17.72,17.73,0.056
2024-07-17 17:18:00+00:00,usd_mxn,17.72,17.73,0.056
2024-07-17 17:18:01+00:00,usd_mxn,17.72,17.73,0.056
2024-07-17 17:18:02+00:00,usd_mxn,17.72,17.73,0.056
2024-07-17 17:18:03+00:00,usd_mxn,17.72,17.73,0.056
2024-07-17 17:18:04+00:00,usd_mxn,17.72,17.73,0.056
2024-07-17 17:18:05+00:00,usd_mxn,17.72,17.73,0.056
2024-07-17 17:18:06+00:00,usd_mxn,17.72,17.73,0.056
2024-07-17 17:18:07+00:00,usd_mxn,17.72,17.73,0.056
2024-07-17 17:18:08+00:00,usd_mxn,17.72,17.73,0.056
2024-07-17 17:18:09+00:00,usd_mxn,17.72,17.74,0.113
2024-07-17 17:18:10+00:00,usd_mxn,17.72,17.74,0.113
2024-07-17 17:18:11+00:00,usd_mxn,17.72,17.74,0.113
2024-07-17 17:18:12+00:00,usd_mxn,17.72,17.74,0.113
2024-07-17 17:18:13+00:00,usd_mxn,17.72,17.74,0.113
2024-07-17 17:18:14+00:00,usd_mxn,17.72,17.74,0.113
2024-07-17 17:18:15+00:00,usd_mxn,17.72,17.74,0.113
2024-07-17 17:18:16+00:00,usd_mxn,17.72,17.74,0.113
2024-07-17 17:18:17+00:00,usd_mxn,17.72,17.74,0.113
2024-07-17 17:18:18+00:00,usd_mxn,17.72,17.74,0.113
2024-07-17 17:18:19+00:00,usd_mxn,17.72,17.74,0.113
2024-07-17 17:18:20+00:00,usd_mxn,17.72,17.74,0.113
2024-07-17 17:18:21+00:00,usd_mxn,17.72,17.74,0.113
2024-07-17 17:18:22+00:00,usd_mxn,17.72,17.74,0.113
2024-07-17 17:18:23+00:00,usd_mxn,17.72,17.74,0.113
2024-07-17 17:18:24+00:00,usd_mxn,17.72,17.74,0.113
2024-07-17 17:18:25+00:00,usd_mxn,17.72,17.74,0.113
2024-07-17 17:18:27+00:00,usd_mxn,17.72,17.74,0.113
2024-07-17 17:18:28+00:00,usd_mxn,17.72,17.74,0.113
2024-07-17 17:18:29+00:00,usd_mxn,17.72,17.74,0.113
2024-07-17 17:18:30+00:00,usd_mxn,17.72,17.74,0.113
2024-07-17 17:18:31+00:00,usd_mxn,17.72,17.74,0.113
2024-07-17 17:18:32+00:00,usd_mxn,17.72,17.74,0.113
2024-07-17 17:18:33+00:00,usd_mxn,17.72,17.74,0.113
2024-07-17 17:18:34+00:00,usd_mxn,17.72,17.74,0.113
2024-07-17 17:18:35+00:00,usd_mxn,17.72,17.74,0.113
2024-07-17 17:18:36+00:00,usd_mxn,17.72,17.74,0.113
2024-07-17 17:18:37+00:00,usd_mxn,17.72,17.74,0.113
2024-07-17 17:18:38+00:00,usd_mxn,17.72,17.74,0.113
2024-07-17 17:18:39+00:00,usd_mxn,17.72,17.74,0.113
2024-07-17 17:18:40+00:00,usd_mxn,17.72,17.74,0.113
2024-07-17 17:18:41+00:00,usd_mxn,17.72,17.74,0.113
2024-07-17 17:18:42+00:00,usd_mxn,17.72,17.74,0.113
2024-07-17 17:18:43+00:00,usd_mxn,17.72,17.74,0.113
2024-07-17 17:18:44+00:00,usd_mxn,17.72,17.74,0.113
2024-07-17 17:18:45+00:00,usd_mxn,17.72,17.74,0.113
2024-07-17 17:18:46+00:00,usd_mxn,17.72,17.74,0.113
2024-07-17 17:18:47+00:00,usd_mxn,17.72,17.74,0.113
2024-07-17 17:18:48+00:00,usd_mxn,17.72,17.74,0.113
2024-07-17 17:18:49+00:00,usd_mxn,17.72,17.74,0.113
2024-07-17 17:18:50+00:00,usd_mxn,17.72,17.74,0.113
2024-07-17 17:18:51+00:00,usd_mxn,17.72,17.74,0.113
2024-07-17 17:18:52+00:00,usd_mxn,17.72,17.74,0.113
2024-07-17 17:18:53+00:00,usd_mxn,17.72,17.74,0.113
2024-07-17 17:18:54+00:00,usd_mxn,17.72,17.74,0.113
2024-07-17 17:18:55+00:00,usd_mxn,17.72,17.74,0.113
2024-07-17 17:18:56+00:00,usd_mxn,17.72,17.74,0.113
2024-07-17 17:18:57+00:00,usd_mxn,17.72,17.74,0.113
2024-07-17 17:18:58+00:00,usd_mxn,17.72,17.74,0.113
2024-07-17 17:18:59+00:00,usd_mxn,17.72,17.74,0.113
2024-07-17 17:19:00+00:00,usd_mxn,17.72,17.74,0.113
2024-07-17 17:19:01+00:00,usd_mxn,17.72,17.74,0.113
2024-07-17 17:19:02+00:00,usd_mxn,17.72,17.74,0.113
2024-07-17 17:19:03+00:00,usd_mxn,17.72,17.74,0.113
2024-07-17 17:19:04+00:00,usd_mxn,17.72,17.74,0.113
2024-07-17 17:19:05+00:00,usd_mxn,17.72,17.74,0.113
2024-07-17 17:19:06+00:00,usd_mxn,17.72,17.74,0.113
2024-07-17 17:19:07+00:00,usd_mxn,17.72,17.74,0.113
2024-07-17 17:19:08+00:00,usd_mxn,17.72,17.74,0.113
2024-07-17 17:19:09+00:00,usd_mxn,17.72,17.74,0.113
2024-07-17 17:19:10+00:00,usd_mxn,17.72,17.74,0.113
2024-07-17 17:19:11+00:00,usd_mxn,17.72,17.74,0.113
2024-07-17 17:19:12+00:00,usd_mxn,17.72,17.74,0.113
2024-07-17 17:19:13+00:00,usd_mxn,17.72,17.74,0.113
2024-07-17 17:19:14+00:00,usd_mxn,17.72,17.74,0.113
2024-07-17 17:19:15+00:00,usd_mxn,17.72,17.74,0.113
2024-07-17 17:19:17+00:00,usd_mxn,17.72,17.74,0.113
2024-07-17 17:19:18+00:00,usd_mxn,17.72,17.74,0.113
2024-07-17 17:19:19+00:00,usd_mxn,17.72,17.74,0.113
2024-07-17 17:19:20+00:00,usd_mxn,17.72,17.74,0.113
2024-07-17 17:19:21+00:00,usd_mxn,17.72,17.76,0.225
2024-07-17 17:19:22+00:00,usd_mxn,17.72,17.76,0.225
2024-07-17 17:19:23+00:00,usd_mxn,17.72,17.76,0.225
2024-07-17 17:19:24+00:00,usd_mxn,17.72,17.76,0.225
2024-07-17 17:19:25+00:00,usd_mxn,17.72,17.76,0.225
2024-07-17 17:19:26+00:00,usd_mxn,17.72,17.76,0.225
2024-07-17 17:19:27+00:00,usd_mxn,17.72,17.76,0.225
2024-07-17 17:19:28+00:00,usd_mxn,17.72,17.76,0.225
2024-07-17 17:19:29+00:00,usd_mxn,17.72,17.76,0.225
2024-07-17 17:19:30+00:00,usd_mxn,17.72,17.76,0.225
2024-07-17 17:19:31+00:00,usd_mxn,17.72,17.76,0.225
2024-07-17 17:19:32+00:00,usd_mxn,17.72,17.76,0.225
2024-07-17 17:19:33+00:00,usd_mxn,17.72,17.76,0.225
2024-07-17 17:19:34+00:00,usd_mxn,17.72,17.76,0.225
2024-07-17 17:19:35+00:00,usd_mxn,17.72,17.76,0.225
2024-07-17 17:19:36+00:00,usd_mxn,17.72,17.76,0.225
2024-07-17 17:19:37+00:00,usd_mxn,17.72,17.76,0.225
2024-07-17 17:19:38+00:00,usd_mxn,17.72,17.76,0.225
2024-07-17 17:19:39+00:00,usd_mxn,17.72,17.76,0.225
2024-07-17 17:19:40+00:00,usd_mxn,17.72,17.76,0.225
2024-07-17 17:19:41+00:00,usd_mxn,17.72,17.76,0.225
2024-07-17 17:19:42+00:00,usd_mxn,17.72,17.76,0.225
2024-07-17 17:19:43+00:00,usd_mxn,17.72,17.76,0.225
2024-07-17 17:19:44+00:00,usd_mxn,17.72,17.76,0.225
2024-07-17 17:19:45+00:00,usd_mxn,17.72,17.76,0.225
2024-07-17 17:19:46+00:00,usd_mxn,17.72,17.76,0.225
2024-07-17 17:19:47+00:00,usd_mxn,17.72,17.76,0.225
2024-07-17 17:19:48+00:00,usd_mxn,17.72,17.76,0.225
2024-07-17 17:19:49+00:00,usd_mxn,17.72,17.76,0.225
2024-07-17 17:19:50+00:00,usd_mxn,17.72,17.76,0.225
2024-07-17 17:19:51+00:00,usd_mxn,17.72,17.76,0.225
2024-07-17 17:19:52+00:00,usd_mxn,17.72,17.76,0.225
2024-07-17 17:19:53+00:00,usd_mxn,17.72,17.76,0.225
2024-07-17 17:19:54+00:00,usd_mxn,17.72,17.76,0.225
2024-07-17 17:19:55+00:00,usd_mxn,17.72,17.76,0.225
2024-07-17 17:19:56+00:00,usd_mxn,17.72,17.76,0.225
2024-07-17 17:19:57+00:00,usd_mxn,17.72,17.76,0.225
2024-07-17 17:19:58+00:00,usd_mxn,17.72,17.76,0.225
2024-07-17 17:19:59+00:00,usd_mxn,17.72,17.76,0.225
2024-07-17 17:20:00+00:00,usd_mxn,17.72,17.76,0.225
2024-07-17 17:20:01+00:00,usd_mxn,17.72,17.76,0.225
2024-07-17 17:20:02+00:00,usd_mxn,17.72,17.76,0.225
2024-07-17 17:20:03+00:00,usd_mxn,17.72,17.76,0.225
2024-07-17 17:20:04+00:00,usd_mxn,17.72,17.76,0.225
2024-07-17 17:20:05+00:00,usd_mxn,17.72,17.74,0.113
2024-07-17 17:20:06+00:00,usd_mxn,17.72,17.74,0.113
2024-07-17 17:20:08+00:00,usd_mxn,17.72,17.74,0.113
2024-07-17 17:20:08+00:00,usd_mxn,17.72,17.74,0.113
2024-07-17 17:20:09+00:00,usd_mxn,17.72,17.74,0.113
2024-07-17 17:20:10+00:00,usd_mxn,17.72,17.74,0.113
2024-07-17 17:20:11+00:00,usd_mxn,17.72,17.74,0.113
2024-07-17 17:20:13+00:00,usd_mxn,17.72,17.74,0.113
2024-07-17 17:20:13+00:00,usd_mxn,17.72,17.74,0.113
2024-07-17 17:20:14+00:00,usd_mxn,17.72,17.74,0.113
2024-07-17 17:20:16+00:00,usd_mxn,17.72,17.74,0.113
2024-07-17 17:20:17+00:00,usd_mxn,17.72,17.74,0.113
2024-07-17 17:20:18+00:00,usd_mxn,17.72,17.74,0.113
2024-07-17 17:20:19+00:00,usd_mxn,17.72,17.74,0.113
2024-07-17 17:20:20+00:00,usd_mxn,17.72,17.74,0.113
2024-07-17 17:20:21+00:00,usd_mxn,17.72,17.74,0.113
2024-07-17 17:20:22+00:00,usd_mxn,17.72,17.74,0.113
2024-07-17 17:20:23+00:00,usd_mxn,17.72,17.74,0.113
2024-07-17 17:20:24+00:00,usd_mxn,17.72,17.74,0.113
2024-07-17 17:20:25+00:00,usd_mxn,17.72,17.74,0.113
2024-07-17 17:20:26+00:00,usd_mxn,17.72,17.74,0.113
2024-07-17 17:20:27+00:00,usd_mxn,17.72,17.74,0.113
2024-07-17 17:20:28+00:00,usd_mxn,17.72,17.74,0.113
2024-07-17 17:20:29+00:00,usd_mxn,17.72,17.74,0.113
2024-07-17 17:20:30+00:00,usd_mxn,17.72,17.74,0.113
2024-07-17 17:20:31+00:00,usd_mxn,17.72,17.74,0.113
2024-07-17 17:20:32+00:00,usd_mxn,17.72,17.74,0.113
2024-07-17 17:20:33+00:00,usd_mxn,17.72,17.74,0.113
2024-07-17 17:20:34+00:00,usd_mxn,17.72,17.74,0.113
2024-07-17 17:20:35+00:00,usd_mxn,17.72,17.74,0.113
2024-07-17 17:20:36+00:00,usd_mxn,17.72,17.74,0.113
2024-07-17 17:20:37+00:00,usd_mxn,17.72,17.74,0.113
2024-07-17 17:20:38+00:00,usd_mxn,17.72,17.74,0.113
2024-07-17 17:20:39+00:00,usd_mxn,17.72,17.74,0.113
2024-07-17 17:20:40+00:00,usd_mxn,17.72,17.74,0.113
2024-07-17 17:20:41+00:00,usd_mxn,17.72,17.74,0.113
2024-07-17 17:20:42+00:00,usd_mxn,17.72,17.74,0.113
2024-07-17 17:20:43+00:00,usd_mxn,17.72,17.74,0.113
2024-07-17 17:20:44+00:00,usd_mxn,17.72,17.74,0.113
2024-07-17 17:20:45+00:00,usd_mxn,17.72,17.74,0.113
2024-07-17 17:20:46+00:00,usd_mxn,17.72,17.74,0.113
2024-07-17 17:20:47+00:00,usd_mxn,17.72,17.74,0.113
2024-07-17 17:20:48+00:00,usd_mxn,17.72,17.74,0.113
2024-07-17 17:20:49+00:00,usd_mxn,17.72,17.74,0.113
2024-07-17 17:20:50+00:00,usd_mxn,17.72,17.74,0.113
2024-07-17 17:20:51+00:00,usd_mxn,17.72,17.74,0.113
2024-07-17 17:20:52+00:00,usd_mxn,17.72,17.74,0.113
2024-07-17 17:20:53+00:00,usd_mxn,17.72,17.74,0.113
2024-07-17 17:20:54+00:00,usd_mxn,17.72,17.74,0.113
2024-07-17 17:20:55+00:00,usd_mxn,17.72,17.74,0.113
2024-07-17 17:20:56+00:00,usd_mxn,17.72,17.74,0.113
2024-07-17 17:20:57+00:00,usd_mxn,17.72,17.74,0.113
2024-07-17 17:20:58+00:00,usd_mxn,17.72,17.74,0.113
2024-07-17 17:20:59+00:00,usd_mxn,17.72,17.74,0.113
2024-07-17 17:21:00+00:00,usd_mxn,17.72,17.74,0.113
2024-07-17 17:21:01+00:00,usd_mxn,17.72,17.74,0.113
2024-07-17 17:21:02+00:00,usd_mxn,17.72,17.74,0.113
2024-07-17 17:21:03+00:00,usd_mxn,17.72,17.74,0.113
2024-07-17 17:21:04+00:00,usd_mxn,17.72,17.74,0.113
2024-07-17 17:21:05+00:00,usd_mxn,17.72,17.74,0.113
2024-07-17 17:21:06+00:00,usd_mxn,17.72,17.74,0.113
2024-07-17 17:21:07+00:00,usd_mxn,17.72,17.74,0.113
2024-07-17 17:21:08+00:00,usd_mxn,17.72,17.74,0.113
2024-07-17 17:21:09+00:00,usd_mxn,17.72,17.74,0.113
2024-07-17 17:21:10+00:00,usd_mxn,17.71,17.74,0.169
2024-07-17 17:21:11+00:00,usd_mxn,17.71,17.74,0.169
2024-07-17 17:21:12+00:00,usd_mxn,17.71,17.74,0.169
2024-07-17 17:21:13+00:00,usd_mxn,17.71,17.74,0.169
2024-07-17 17:21:14+00:00,usd_mxn,17.71,17.74,0.169
2024-07-17 17:21:15+00:00,usd_mxn,17.71,17.74,0.169
2024-07-17 17:21:16+00:00,usd_mxn,17.71,17.74,0.169
2024-07-17 17:21:17+00:00,usd_mxn,17.71,17.74,0.169
2024-07-17 17:21:18+00:00,usd_mxn,17.71,17.74,0.169
2024-07-17 17:21:20+00:00,usd_mxn,17.71,17.74,0.169
2024-07-17 17:21:20+00:00,usd_mxn,17.71,17.74,0.169
2024-07-17 17:21:22+00:00,usd_mxn,17.71,17.74,0.169
2024-07-17 17:21:23+00:00,usd_mxn,17.71,17.74,0.169
2024-07-17 17:21:24+00:00,usd_mxn,17.71,17.74,0.169
2024-07-17 17:21:25+00:00,usd_mxn,17.71,17.74,0.169
2024-07-17 17:21:26+00:00,usd_mxn,17.71,17.74,0.169
2024-07-17 17:21:27+00:00,usd_mxn,17.71,17.74,0.169
2024-07-17 17:21:28+00:00,usd_mxn,17.71,17.74,0.169
2024-07-17 17:21:29+00:00,usd_mxn,17.71,17.74,0.169
2024-07-17 17:21:30+00:00,usd_mxn,17.71,17.74,0.169
2024-07-17 17:21:31+00:00,usd_mxn,17.71,17.74,0.169
2024-07-17 17:21:32+00:00,usd_mxn,17.71,17.74,0.169
2024-07-17 17:21:33+00:00,usd_mxn,17.71,17.74,0.169
2024-07-17 17:21:34+00:00,usd_mxn,17.71,17.74,0.169
2024-07-17 17:21:35+00:00,usd_mxn,17.71,17.74,0.169
2024-07-17 17:21:36+00:00,usd_mxn,17.71,17.74,0.169
2024-07-17 17:21:37+00:00,usd_mxn,17.71,17.74,0.169
2024-07-17 17:21:38+00:00,usd_mxn,17.71,17.74,0.169
2024-07-17 17:21:39+00:00,usd_mxn,17.71,17.74,0.169
2024-07-17 17:21:40+00:00,usd_mxn,17.71,17.74,0.169
2024-07-17 17:21:41+00:00,usd_mxn,17.71,17.74,0.169
2024-07-17 17:21:42+00:00,usd_mxn,17.71,17.74,0.169
2024-07-17 17:21:43+00:00,usd_mxn,17.71,17.74,0.169
2024-07-17 17:21:44+00:00,usd_mxn,17.71,17.74,0.169
2024-07-17 17:21:45+00:00,usd_mxn,17.71,17.74,0.169
2024-07-17 17:21:46+00:00,usd_mxn,17.71,17.74,0.169
2024-07-17 17:21:47+00:00,usd_mxn,17.71,17.74,0.169
2024-07-17 17:21:48+00:00,usd_mxn,17.71,17.74,0.169
2024-07-17 17:21:49+00:00,usd_mxn,17.71,17.74,0.169
2024-07-17 17:21:50+00:00,usd_mxn,17.71,17.74,0.169
2024-07-17 17:21:51+00:00,usd_mxn,17.71,17.74,0.169
2024-07-17 17:21:52+00:00,usd_mxn,17.71,17.74,0.169
2024-07-17 17:21:53+00:00,usd_mxn,17.71,17.74,0.169
2024-07-17 17:21:54+00:00,usd_mxn,17.71,17.74,0.169
2024-07-17 17:21:55+00:00,usd_mxn,17.71,17.74,0.169
2024-07-17 17:21:56+00:00,usd_mxn,17.71,17.74,0.169
2024-07-17 17:21:57+00:00,usd_mxn,17.71,17.74,0.169
2024-07-17 17:21:58+00:00,usd_mxn,17.71,17.74,0.169
2024-07-17 17:21:59+00:00,usd_mxn,17.71,17.74,0.169
2024-07-17 17:22:00+00:00,usd_mxn,17.71,17.74,0.169
2024-07-17 17:22:01+00:00,usd_mxn,17.71,17.74,0.169
2024-07-17 17:22:02+00:00,usd_mxn,17.71,17.74,0.169
2024-07-17 17:22:03+00:00,usd_mxn,17.71,17.74,0.169
2024-07-17 17:22:04+00:00,usd_mxn,17.71,17.74,0.169
2024-07-17 17:22:05+00:00,usd_mxn,17.71,17.74,0.169
2024-07-17 17:22:06+00:00,usd_mxn,17.71,17.74,0.169
2024-07-17 17:22:07+00:00,usd_mxn,17.71,17.74,0.169
2024-07-17 17:22:08+00:00,usd_mxn,17.71,17.74,0.169
2024-07-17 17:22:09+00:00,usd_mxn,17.71,17.74,0.169
2024-07-17 17:22:10+00:00,usd_mxn,17.71,17.74,0.169
2024-07-17 17:22:11+00:00,usd_mxn,17.71,17.74,0.169
2024-07-17 17:22:12+00:00,usd_mxn,17.71,17.74,0.169
2024-07-17 17:22:13+00:00,usd_mxn,17.71,17.74,0.169
2024-07-17 17:22:14+00:00,usd_mxn,17.71,17.74,0.169
2024-07-17 17:22:15+00:00,usd_mxn,17.71,17.74,0.169
2024-07-17 17:22:16+00:00,usd_mxn,17.71,17.74,0.169
2024-07-17 17:22:17+00:00,usd_mxn,17.71,17.74,0.169
2024-07-17 17:22:18+00:00,usd_mxn,17.71,17.74,0.169
2024-07-17 17:22:19+00:00,usd_mxn,17.71,17.74,0.169
2024-07-17 17:22:20+00:00,usd_mxn,17.71,17.74,0.169
2024-07-17 17:22:21+00:00,usd_mxn,17.71,17.74,0.169
2024-07-17 17:22:22+00:00,usd_mxn,17.71,17.74,0.169
2024-07-17 17:22:23+00:00,usd_mxn,17.71,17.74,0.169
2024-07-17 17:22:24+00:00,usd_mxn,17.71,17.74,0.169
2024-07-17 17:22:25+00:00,usd_mxn,17.71,17.74,0.169
2024-07-17 17:22:26+00:00,usd_mxn,17.71,17.74,0.169
2024-07-17 17:22:27+00:00,usd_mxn,17.71,17.74,0.169
2024-07-17 17:22:28+00:00,usd_mxn,17.71,17.74,0.169
2024-07-17 17:22:30+00:00,usd_mxn,17.71,17.74,0.169
2024-07-17 17:22:30+00:00,usd_mxn,17.71,17.74,0.169
2024-07-17 17:22:31+00:00,usd_mxn,17.71,17.74,0.169
2024-07-17 17:22:33+00:00,usd_mxn,17.71,17.74,0.169
2024-07-17 17:22:34+00:00,usd_mxn,17.71,17.74,0.169
2024-07-17 17:22:35+00:00,usd_mxn,17.71,17.74,0.169
2024-07-17 17:22:36+00:00,usd_mxn,17.71,17.74,0.169
2024-07-17 17:22:37+00:00,usd_mxn,17.71,17.74,0.169
2024-07-17 17:22:39+00:00,usd_mxn,17.71,17.74,0.169
2024-07-17 17:22:40+00:00,usd_mxn,17.71,17.74,0.169
2024-07-17 17:22:41+00:00,usd_mxn,17.71,17.74,0.169
2024-07-17 17:22:42+00:00,usd_mxn,17.71,17.74,0.169
2024-07-17 17:22:43+00:00,usd_mxn,17.71,17.74,0.169
2024-07-17 17:22:44+00:00,usd_mxn,17.71,17.74,0.169
2024-07-17 17:22:45+00:00,usd_mxn,17.71,17.74,0.169
2024-07-17 17:22:46+00:00,usd_mxn,17.71,17.74,0.169
2024-07-17 17:22:48+00:00,usd_mxn,17.71,17.74,0.169
2024-07-17 17:22:49+00:00,usd_mxn,17.71,17.74,0.169
2024-07-17 17:22:50+00:00,usd_mxn,17.71,17.74,0.169
2024-07-17 17:22:51+00:00,usd_mxn,17.71,17.74,0.169
2024-07-17 17:22:52+00:00,usd_mxn,17.71,17.74,0.169
2024-07-17 17:22:53+00:00,usd_mxn,17.71,17.74,0.169
2024-07-17 17:22:54+00:00,usd_mxn,17.71,17.74,0.169
2024-07-17 17:22:55+00:00,usd_mxn,17.71,17.74,0.169
2024-07-17 17:22:56+00:00,usd_mxn,17.71,17.74,0.169
2024-07-17 17:22:57+00:00,usd_mxn,17.71,17.74,0.169
2024-07-17 17:22:58+00:00,usd_mxn,17.71,17.74,0.169
2024-07-17 17:22:59+00:00,usd_mxn,17.71,17.74,0.169
2024-07-17 17:23:00+00:00,usd_mxn,17.71,17.74,0.169
2024-07-17 17:23:01+00:00,usd_mxn,17.71,17.74,0.169
2024-07-17 17:23:02+00:00,usd_mxn,17.71,17.74,0.169
2024-07-17 17:23:03+00:00,usd_mxn,17.71,17.74,0.169
2024-07-17 17:23:04+00:00,usd_mxn,17.71,17.74,0.169
2024-07-17 17:23:05+00:00,usd_mxn,17.71,17.74,0.169
2024-07-17 17:23:06+00:00,usd_mxn,17.71,17.74,0.169
2024-07-17 17:23:07+00:00,usd_mxn,17.71,17.74,0.169
2024-07-17 17:23:08+00:00,usd_mxn,17.71,17.74,0.169
2024-07-17 17:23:09+00:00,usd_mxn,17.71,17.74,0.169
2024-07-17 17:23:10+00:00,usd_mxn,17.71,17.74,0.169
2024-07-17 17:23:11+00:00,usd_mxn,17.71,17.74,0.169
2024-07-17 17:23:12+00:00,usd_mxn,17.71,17.74,0.169
2024-07-17 17:23:13+00:00,usd_mxn,17.71,17.74,0.169
2024-07-17 17:23:14+00:00,usd_mxn,17.71,17.74,0.169
2024-07-17 17:23:15+00:00,usd_mxn,17.71,17.74,0.169
2024-07-17 17:23:16+00:00,usd_mxn,17.71,17.74,0.169
2024-07-17 17:23:17+00:00,usd_mxn,17.71,17.74,0.169
2024-07-17 17:23:18+00:00,usd_mxn,17.71,17.74,0.169
2024-07-17 17:23:19+00:00,usd_mxn,17.71,17.74,0.169
2024-07-17 17:23:20+00:00,usd_mxn,17.71,17.74,0.169
2024-07-17 17:23:21+00:00,usd_mxn,17.71,17.74,0.169
2024-07-17 17:23:22+00:00,usd_mxn,17.71,17.74,0.169
2024-07-17 17:23:23+00:00,usd_mxn,17.71,17.74,0.169
2024-07-17 17:23:24+00:00,usd_mxn,17.71,17.74,0.169
2024-07-17 17:23:25+00:00,usd_mxn,17.71,17.74,0.169
2024-07-17 17:23:26+00:00,usd_mxn,17.71,17.74,0.169
2024-07-17 17:23:27+00:00,usd_mxn,17.71,17.74,0.169
2024-07-17 17:23:29+00:00,usd_mxn,17.71,17.74,0.169
2024-07-17 17:23:30+00:00,usd_mxn,17.71,17.74,0.169
2024-07-17 17:23:31+00:00,usd_mxn,17.71,17.74,0.169
2024-07-17 17:23:32+00:00,usd_mxn,17.71,17.74,0.169
2024-07-17 17:23:33+00:00,usd_mxn,17.71,17.74,0.169
2024-07-17 17:23:35+00:00,usd_mxn,17.71,17.74,0.169
2024-07-17 17:23:36+00:00,usd_mxn,17.71,17.74,0.169
2024-07-17 17:23:37+00:00,usd_mxn,17.71,17.74,0.169
2024-07-17 17:23:37+00:00,usd_mxn,17.71,17.74,0.169
2024-07-17 17:23:39+00:00,usd_mxn,17.71,17.74,0.169
2024-07-17 17:23:40+00:00,usd_mxn,17.71,17.74,0.169
2024-07-17 17:23:41+00:00,usd_mxn,17.71,17.74,0.169
2024-07-17 17:23:43+00:00,usd_mxn,17.71,17.74,0.169
2024-07-17 17:23:44+00:00,usd_mxn,17.71,17.74,0.169
2024-07-17 17:23:45+00:00,usd_mxn,17.71,17.74,0.169
2024-07-17 17:23:46+00:00,usd_mxn,17.71,17.74,0.169
2024-07-17 17:23:47+00:00,usd_mxn,17.71,17.74,0.169
2024-07-17 17:23:48+00:00,usd_mxn,17.71,17.74,0.169
2024-07-17 17:23:49+00:00,usd_mxn,17.71,17.74,0.169
2024-07-17 17:23:50+00:00,usd_mxn,17.71,17.74,0.169
2024-07-17 17:23:51+00:00,usd_mxn,17.71,17.74,0.169
2024-07-17 17:23:52+00:00,usd_mxn,17.71,17.74,0.169
2024-07-17 17:23:53+00:00,usd_mxn,17.71,17.74,0.169
2024-07-17 17:23:54+00:00,usd_mxn,17.71,17.74,0.169
2024-07-17 17:23:55+00:00,usd_mxn,17.71,17.74,0.169
2024-07-17 17:23:56+00:00,usd_mxn,17.71,17.74,0.169
2024-07-17 17:23:57+00:00,usd_mxn,17.71,17.74,0.169
2024-07-17 17:23:58+00:00,usd_mxn,17.71,17.74,0.169
2024-07-17 17:23:59+00:00,usd_mxn,17.71,17.74,0.169
2024-07-17 17:24:00+00:00,usd_mxn,17.71,17.74,0.169
2024-07-17 17:24:01+00:00,usd_mxn,17.71,17.74,0.169
2024-07-17 17:24:02+00:00,usd_mxn,17.71,17.74,0.169
2024-07-17 17:24:03+00:00,usd_mxn,17.71,17.74,0.169
2024-07-17 17:24:04+00:00,usd_mxn,17.71,17.74,0.169
2024-07-17 17:24:05+00:00,usd_mxn,17.71,17.74,0.169
2024-07-17 17:24:06+00:00,usd_mxn,17.71,17.74,0.169
2024-07-17 17:24:07+00:00,usd_mxn,17.71,17.74,0.169
2024-07-17 17:24:08+00:00,usd_mxn,17.71,17.74,0.169
2024-07-17 17:24:09+00:00,usd_mxn,17.71,17.74,0.169
2024-07-17 17:24:10+00:00,usd_mxn,17.71,17.74,0.169
2024-07-17 17:24:11+00:00,usd_mxn,17.71,17.74,0.169
2024-07-17 17:24:12+00:00,usd_mxn,17.71,17.74,0.169
2024-07-17 17:24:13+00:00,usd_mxn,17.71,17.73,0.113
2024-07-17 17:24:14+00:00,usd_mxn,17.71,17.73,0.113
2024-07-17 17:24:15+00:00,usd_mxn,17.71,17.73,0.113
2024-07-17 17:24:16+00:00,usd_mxn,17.71,17.73,0.113
2024-07-17 17:24:17+00:00,usd_mxn,17.71,17.73,0.113
2024-07-17 17:24:18+00:00,usd_mxn,17.71,17.73,0.113
2024-07-17 17:24:19+00:00,usd_mxn,17.71,17.73,0.113
2024-07-17 17:24:20+00:00,usd_mxn,17.71,17.73,0.113
2024-07-17 17:24:21+00:00,usd_mxn,17.71,17.73,0.113
2024-07-17 17:24:22+00:00,usd_mxn,17.71,17.73,0.113
2024-07-17 17:24:23+00:00,usd_mxn,17.71,17.73,0.113
2024-07-17 17:24:24+00:00,usd_mxn,17.71,17.73,0.113
2024-07-17 17:24:25+00:00,usd_mxn,17.71,17.73,0.113
2024-07-17 17:24:26+00:00,usd_mxn,17.71,17.73,0.113
2024-07-17 17:24:27+00:00,usd_mxn,17.71,17.73,0.113
2024-07-17 17:24:28+00:00,usd_mxn,17.71,17.73,0.113
2024-07-17 17:24:29+00:00,usd_mxn,17.71,17.73,0.113
2024-07-17 17:24:30+00:00,usd_mxn,17.71,17.73,0.113
2024-07-17 17:24:31+00:00,usd_mxn,17.71,17.73,0.113
2024-07-17 17:24:32+00:00,usd_mxn,17.71,17.73,0.113
2024-07-17 17:24:33+00:00,usd_mxn,17.71,17.73,0.113
2024-07-17 17:24:34+00:00,usd_mxn,17.71,17.73,0.113
2024-07-17 17:24:35+00:00,usd_mxn,17.71,17.73,0.113
2024-07-17 17:24:37+00:00,usd_mxn,17.71,17.73,0.113
2024-07-17 17:24:38+00:00,usd_mxn,17.71,17.73,0.113
2024-07-17 17:24:39+00:00,usd_mxn,17.71,17.73,0.113
2024-07-17 17:24:40+00:00,usd_mxn,17.71,17.73,0.113
2024-07-17 17:24:41+00:00,usd_mxn,17.71,17.73,0.113
2024-07-17 17:24:42+00:00,usd_mxn,17.71,17.73,0.113
2024-07-17 17:24:43+00:00,usd_mxn,17.71,17.73,0.113
2024-07-17 17:24:44+00:00,usd_mxn,17.71,17.73,0.113
2024-07-17 17:24:45+00:00,usd_mxn,17.71,17.73,0.113
2024-07-17 17:24:46+00:00,usd_mxn,17.71,17.73,0.113
2024-07-17 17:24:47+00:00,usd_mxn,17.71,17.73,0.113
2024-07-17 17:24:48+00:00,usd_mxn,17.71,17.73,0.113
2024-07-17 17:24:49+00:00,usd_mxn,17.71,17.73,0.113
2024-07-17 17:24:50+00:00,usd_mxn,17.71,17.73,0.113
2024-07-17 17:24:51+00:00,usd_mxn,17.71,17.73,0.113
2024-07-17 17:24:52+00:00,usd_mxn,17.71,17.73,0.113
2024-07-17 17:24:53+00:00,usd_mxn,17.71,17.73,0.113
2024-07-17 17:24:54+00:00,usd_mxn,17.71,17.73,0.113
2024-07-17 17:24:55+00:00,usd_mxn,17.71,17.73,0.113
2024-07-17 17:24:56+00:00,usd_mxn,17.71,17.73,0.113
2024-07-17 17:24:57+00:00,usd_mxn,17.71,17.73,0.113
2024-07-17 17:24:58+00:00,usd_mxn,17.71,17.73,0.113
2024-07-17 17:24:59+00:00,usd_mxn,17.71,17.73,0.113
2024-07-17 17:25:00+00:00,usd_mxn,17.71,17.73,0.113
2024-07-17 17:25:01+00:00,usd_mxn,17.71,17.73,0.113
2024-07-17 17:25:02+00:00,usd_mxn,17.71,17.73,0.113
2024-07-17 17:25:03+00:00,usd_mxn,17.71,17.73,0.113
2024-07-17 17:25:04+00:00,usd_mxn,17.71,17.73,0.113
2024-07-17 17:25:05+00:00,usd_mxn,17.71,17.73,0.113
2024-07-17 17:25:06+00:00,usd_mxn,17.71,17.73,0.113
2024-07-17 17:25:07+00:00,usd_mxn,17.71,17.73,0.113
2024-07-17 17:25:08+00:00,usd_mxn,17.71,17.73,0.113
2024-07-17 17:25:09+00:00,usd_mxn,17.71,17.73,0.113
2024-07-17 17:25:10+00:00,usd_mxn,17.71,17.73,0.113
2024-07-17 17:25:11+00:00,usd_mxn,17.71,17.73,0.113
2024-07-17 17:25:12+00:00,usd_mxn,17.71,17.73,0.113
2024-07-17 17:25:13+00:00,usd_mxn,17.71,17.73,0.113
2024-07-17 17:25:14+00:00,usd_mxn,17.71,17.74,0.169
2024-07-17 17:25:15+00:00,usd_mxn,17.71,17.74,0.169
2024-07-17 17:25:16+00:00,usd_mxn,17.71,17.74,0.169
2024-07-17 17:25:17+00:00,usd_mxn,17.71,17.74,0.169
2024-07-17 17:25:18+00:00,usd_mxn,17.71,17.74,0.169
2024-07-17 17:25:19+00:00,usd_mxn,17.71,17.74,0.169
2024-07-17 17:25:20+00:00,usd_mxn,17.71,17.74,0.169
2024-07-17 17:25:21+00:00,usd_mxn,17.71,17.74,0.169
2024-07-17 17:25:22+00:00,usd_mxn,17.71,17.74,0.169
2024-07-17 17:25:23+00:00,usd_mxn,17.71,17.74,0.169
2024-07-17 17:25:24+00:00,usd_mxn,17.71,17.74,0.169
2024-07-17 17:25:25+00:00,usd_mxn,17.71,17.74,0.169
2024-07-17 17:25:26+00:00,usd_mxn,17.71,17.74,0.169
2024-07-17 17:25:27+00:00,usd_mxn,17.71,17.74,0.169
2024-07-17 17:25:28+00:00,usd_mxn,17.71,17.74,0.169
2024-07-17 17:25:29+00:00,usd_mxn,17.71,17.74,0.169
2024-07-17 17:25:31+00:00,usd_mxn,17.71,17.74,0.169
2024-07-17 17:25:31+00:00,usd_mxn,17.71,17.74,0.169
2024-07-17 17:25:32+00:00,usd_mxn,17.71,17.74,0.169
2024-07-17 17:25:33+00:00,usd_mxn,17.71,17.74,0.169
2024-07-17 17:25:35+00:00,usd_mxn,17.71,17.74,0.169
2024-07-17 17:25:35+00:00,usd_mxn,17.71,17.74,0.169
2024-07-17 17:25:36+00:00,usd_mxn,17.71,17.74,0.169
2024-07-17 17:25:38+00:00,usd_mxn,17.71,17.74,0.169
2024-07-17 17:25:39+00:00,usd_mxn,17.71,17.74,0.169
2024-07-17 17:25:40+00:00,usd_mxn,17.71,17.74,0.169
2024-07-17 17:25:41+00:00,usd_mxn,17.71,17.74,0.169
2024-07-17 17:25:42+00:00,usd_mxn,17.71,17.74,0.169
2024-07-17 17:25:43+00:00,usd_mxn,17.71,17.74,0.169
2024-07-17 17:25:44+00:00,usd_mxn,17.71,17.74,0.169
2024-07-17 17:25:45+00:00,usd_mxn,17.71,17.74,0.169
2024-07-17 17:25:46+00:00,usd_mxn,17.71,17.74,0.169
2024-07-17 17:25:47+00:00,usd_mxn,17.71,17.74,0.169
2024-07-17 17:25:48+00:00,usd_mxn,17.71,17.74,0.169
2024-07-17 17:25:49+00:00,usd_mxn,17.71,17.74,0.169
2024-07-17 17:25:50+00:00,usd_mxn,17.71,17.74,0.169
2024-07-17 17:25:51+00:00,usd_mxn,17.71,17.74,0.169
2024-07-17 17:25:52+00:00,usd_mxn,17.71,17.74,0.169
2024-07-17 17:25:53+00:00,usd_mxn,17.71,17.74,0.169
2024-07-17 17:25:54+00:00,usd_mxn,17.71,17.74,0.169
2024-07-17 17:25:55+00:00,usd_mxn,17.71,17.74,0.169
2024-07-17 17:25:56+00:00,usd_mxn,17.71,17.74,0.169
2024-07-17 17:25:57+00:00,usd_mxn,17.71,17.74,0.169
2024-07-17 17:25:58+00:00,usd_mxn,17.71,17.74,0.169
2024-07-17 17:25:59+00:00,usd_mxn,17.71,17.74,0.169
2024-07-17 17:26:00+00:00,usd_mxn,17.71,17.74,0.169
2024-07-17 17:26:01+00:00,usd_mxn,17.71,17.74,0.169
2024-07-17 17:26:02+00:00,usd_mxn,17.71,17.74,0.169
2024-07-17 17:26:03+00:00,usd_mxn,17.71,17.72,0.056
2024-07-17 17:26:04+00:00,usd_mxn,17.71,17.72,0.056
2024-07-17 17:26:05+00:00,usd_mxn,17.71,17.72,0.056
2024-07-17 17:26:06+00:00,usd_mxn,17.71,17.72,0.056
2024-07-17 17:26:07+00:00,usd_mxn,17.71,17.72,0.056
2024-07-17 17:26:08+00:00,usd_mxn,17.71,17.72,0.056
2024-07-17 17:26:09+00:00,usd_mxn,17.71,17.72,0.056
2024-07-17 17:26:10+00:00,usd_mxn,17.71,17.72,0.056
2024-07-17 17:26:11+00:00,usd_mxn,17.71,17.72,0.056
2024-07-17 17:26:12+00:00,usd_mxn,17.71,17.72,0.056
2024-07-17 17:26:13+00:00,usd_mxn,17.71,17.72,0.056
2024-07-17 17:26:14+00:00,usd_mxn,17.71,17.72,0.056
2024-07-17 17:26:15+00:00,usd_mxn,17.71,17.72,0.056
2024-07-17 17:26:16+00:00,usd_mxn,17.71,17.72,0.056
2024-07-17 17:26:17+00:00,usd_mxn,17.71,17.72,0.056
2024-07-17 17:26:18+00:00,usd_mxn,17.71,17.72,0.056
2024-07-17 17:26:19+00:00,usd_mxn,17.71,17.72,0.056
2024-07-17 17:26:20+00:00,usd_mxn,17.71,17.72,0.056
2024-07-17 17:26:21+00:00,usd_mxn,17.71,17.72,0.056
2024-07-17 17:26:22+00:00,usd_mxn,17.71,17.72,0.056
2024-07-17 17:26:23+00:00,usd_mxn,17.71,17.72,0.056
2024-07-17 17:26:24+00:00,usd_mxn,17.71,17.72,0.056
2024-07-17 17:26:25+00:00,usd_mxn,17.71,17.72,0.056
2024-07-17 17:26:26+00:00,usd_mxn,17.71,17.72,0.056
2024-07-17 17:26:27+00:00,usd_mxn,17.71,17.72,0.056
2024-07-17 17:26:28+00:00,usd_mxn,17.71,17.72,0.056
2024-07-17 17:26:29+00:00,usd_mxn,17.71,17.72,0.056
2024-07-17 17:26:30+00:00,usd_mxn,17.71,17.72,0.056
2024-07-17 17:26:31+00:00,usd_mxn,17.71,17.72,0.056
2024-07-17 17:26:32+00:00,usd_mxn,17.71,17.72,0.056
2024-07-17 17:26:33+00:00,usd_mxn,17.71,17.72,0.056
2024-07-17 17:26:35+00:00,usd_mxn,17.71,17.72,0.056
2024-07-17 17:26:35+00:00,usd_mxn,17.71,17.72,0.056
2024-07-17 17:26:36+00:00,usd_mxn,17.71,17.72,0.056
2024-07-17 17:26:37+00:00,usd_mxn,17.71,17.72,0.056
2024-07-17 17:26:38+00:00,usd_mxn,17.71,17.72,0.056
2024-07-17 17:26:39+00:00,usd_mxn,17.71,17.72,0.056
2024-07-17 17:26:40+00:00,usd_mxn,17.71,17.72,0.056
2024-07-17 17:26:41+00:00,usd_mxn,17.71,17.72,0.056
2024-07-17 17:26:42+00:00,usd_mxn,17.71,17.72,0.056
2024-07-17 17:26:43+00:00,usd_mxn,17.71,17.72,0.056
2024-07-17 17:26:44+00:00,usd_mxn,17.71,17.72,0.056
2024-07-17 17:26:45+00:00,usd_mxn,17.71,17.72,0.056
2024-07-17 17:26:46+00:00,usd_mxn,17.71,17.72,0.056
2024-07-17 17:26:47+00:00,usd_mxn,17.71,17.72,0.056
2024-07-17 17:26:48+00:00,usd_mxn,17.71,17.72,0.056
2024-07-17 17:26:49+00:00,usd_mxn,17.71,17.72,0.056
2024-07-17 17:26:50+00:00,usd_mxn,17.71,17.72,0.056
2024-07-17 17:26:51+00:00,usd_mxn,17.71,17.72,0.056
2024-07-17 17:26:52+00:00,usd_mxn,17.71,17.72,0.056
2024-07-17 17:26:53+00:00,usd_mxn,17.71,17.72,0.056
2024-07-17 17:26:54+00:00,usd_mxn,17.71,17.72,0.056
2024-07-17 17:26:55+00:00,usd_mxn,17.71,17.72,0.056
2024-07-17 17:26:56+00:00,usd_mxn,17.71,17.72,0.056
2024-07-17 17:26:58+00:00,usd_mxn,17.71,17.72,0.056
2024-07-17 17:26:58+00:00,usd_mxn,17.71,17.72,0.056
2024-07-17 17:26:59+00:00,usd_mxn,17.71,17.72,0.056
2024-07-17 17:27:01+00:00,usd_mxn,17.71,17.72,0.056
2024-07-17 17:27:02+00:00,usd_mxn,17.71,17.72,0.056
2024-07-17 17:27:03+00:00,usd_mxn,17.71,17.72,0.056
2024-07-17 17:27:04+00:00,usd_mxn,17.71,17.72,0.056
2024-07-17 17:27:05+00:00,usd_mxn,17.71,17.72,0.056
2024-07-17 17:27:06+00:00,usd_mxn,17.71,17.72,0.056
2024-07-17 17:27:07+00:00,usd_mxn,17.71,17.72,0.056
2024-07-17 17:27:08+00:00,usd_mxn,17.71,17.72,0.056
2024-07-17 17:27:09+00:00,usd_mxn,17.71,17.72,0.056
2024-07-17 17:27:10+00:00,usd_mxn,17.71,17.72,0.056
2024-07-17 17:27:11+00:00,usd_mxn,17.71,17.72,0.056
2024-07-17 17:27:12+00:00,usd_mxn,17.71,17.72,0.056
2024-07-17 17:27:13+00:00,usd_mxn,17.71,17.72,0.056
2024-07-17 17:27:14+00:00,usd_mxn,17.71,17.72,0.056
2024-07-17 17:27:15+00:00,usd_mxn,17.71,17.72,0.056
2024-07-17 17:27:16+00:00,usd_mxn,17.71,17.72,0.056
2024-07-17 17:27:17+00:00,usd_mxn,17.71,17.72,0.056
2024-07-17 17:27:18+00:00,usd_mxn,17.71,17.72,0.056
2024-07-17 17:27:19+00:00,usd_mxn,17.71,17.72,0.056
2024-07-17 17:27:20+00:00,usd_mxn,17.71,17.72,0.056
2024-07-17 17:27:21+00:00,usd_mxn,17.71,17.72,0.056
2024-07-17 17:27:22+00:00,usd_mxn,17.71,17.72,0.056
2024-07-17 17:27:23+00:00,usd_mxn,17.71,17.72,0.056
2024-07-17 17:27:24+00:00,usd_mxn,17.71,17.72,0.056
2024-07-17 17:27:25+00:00,usd_mxn,17.71,17.72,0.056
2024-07-17 17:27:26+00:00,usd_mxn,17.71,17.72,0.056
2024-07-17 17:27:27+00:00,usd_mxn,17.71,17.72,0.056
2024-07-17 17:27:28+00:00,usd_mxn,17.71,17.72,0.056
2024-07-17 17:27:29+00:00,usd_mxn,17.71,17.72,0.056
2024-07-17 17:27:30+00:00,usd_mxn,17.71,17.72,0.056
2024-07-17 17:27:31+00:00,usd_mxn,17.71,17.72,0.056
2024-07-17 17:27:32+00:00,usd_mxn,17.71,17.72,0.056
2024-07-17 17:27:34+00:00,usd_mxn,17.71,17.72,0.056
2024-07-17 17:27:34+00:00,usd_mxn,17.71,17.72,0.056
2024-07-17 17:27:35+00:00,usd_mxn,17.71,17.72,0.056
2024-07-17 17:27:36+00:00,usd_mxn,17.71,17.72,0.056
2024-07-17 17:27:38+00:00,usd_mxn,17.71,17.72,0.056
2024-07-17 17:27:39+00:00,usd_mxn,17.71,17.72,0.056
2024-07-17 17:27:39+00:00,usd_mxn,17.71,17.72,0.056
2024-07-17 17:27:40+00:00,usd_mxn,17.71,17.72,0.056
2024-07-17 17:27:42+00:00,usd_mxn,17.71,17.72,0.056
2024-07-17 17:27:42+00:00,usd_mxn,17.71,17.72,0.056
2024-07-17 17:27:44+00:00,usd_mxn,17.71,17.72,0.056
2024-07-17 17:27:44+00:00,usd_mxn,17.71,17.72,0.056
2024-07-17 17:27:45+00:00,usd_mxn,17.71,17.72,0.056
2024-07-17 17:27:47+00:00,usd_mxn,17.71,17.72,0.056
2024-07-17 17:27:48+00:00,usd_mxn,17.71,17.72,0.056
2024-07-17 17:27:49+00:00,usd_mxn,17.71,17.72,0.056
2024-07-17 17:27:50+00:00,usd_mxn,17.71,17.72,0.056
2024-07-17 17:27:51+00:00,usd_mxn,17.71,17.72,0.056
2024-07-17 17:27:52+00:00,usd_mxn,17.71,17.72,0.056
2024-07-17 17:27:53+00:00,usd_mxn,17.71,17.72,0.056
2024-07-17 17:27:54+00:00,usd_mxn,17.71,17.72,0.056
2024-07-17 17:27:55+00:00,usd_mxn,17.71,17.72,0.056
2024-07-17 17:27:56+00:00,usd_mxn,17.71,17.72,0.056
2024-07-17 17:27:57+00:00,usd_mxn,17.71,17.72,0.056
2024-07-17 17:27:58+00:00,usd_mxn,17.71,17.72,0.056
2024-07-17 17:27:59+00:00,usd_mxn,17.71,17.72,0.056
2024-07-17 17:28:00+00:00,usd_mxn,17.71,17.72,0.056
2024-07-17 17:28:01+00:00,usd_mxn,17.71,17.72,0.056
2024-07-17 17:28:02+00:00,usd_mxn,17.71,17.72,0.056
2024-07-17 17:28:03+00:00,usd_mxn,17.71,17.72,0.056
2024-07-17 17:28:04+00:00,usd_mxn,17.71,17.72,0.056
2024-07-17 17:28:05+00:00,usd_mxn,17.71,17.72,0.056
2024-07-17 17:28:06+00:00,usd_mxn,17.71,17.72,0.056
2024-07-17 17:28:07+00:00,usd_mxn,17.71,17.72,0.056
2024-07-17 17:28:08+00:00,usd_mxn,17.71,17.72,0.056
2024-07-17 17:28:09+00:00,usd_mxn,17.71,17.72,0.056
2024-07-17 17:28:10+00:00,usd_mxn,17.71,17.72,0.056
