orderbook_timestamp,book,bid,ask,spread
2024-07-18 16:28:00+00:00,usd_mxn,17.82,17.83,0.056
2024-07-18 16:28:01+00:00,usd_mxn,17.82,17.83,0.056
2024-07-18 16:28:02+00:00,usd_mxn,17.82,17.83,0.056
2024-07-18 16:28:03+00:00,usd_mxn,17.82,17.83,0.056
2024-07-18 16:28:04+00:00,usd_mxn,17.82,17.83,0.056
2024-07-18 16:28:05+00:00,usd_mxn,17.82,17.83,0.056
2024-07-18 16:28:06+00:00,usd_mxn,17.82,17.83,0.056
2024-07-18 16:28:07+00:00,usd_mxn,17.82,17.83,0.056
2024-07-18 16:28:08+00:00,usd_mxn,17.82,17.83,0.056
2024-07-18 16:28:09+00:00,usd_mxn,17.82,17.83,0.056
2024-07-18 16:28:10+00:00,usd_mxn,17.82,17.83,0.056
2024-07-18 16:28:11+00:00,usd_mxn,17.82,17.83,0.056
2024-07-18 16:28:12+00:00,usd_mxn,17.82,17.83,0.056
2024-07-18 16:28:13+00:00,usd_mxn,17.82,17.83,0.056
2024-07-18 16:28:14+00:00,usd_mxn,17.82,17.83,0.056
2024-07-18 16:28:15+00:00,usd_mxn,17.82,17.83,0.056
2024-07-18 16:28:16+00:00,usd_mxn,17.82,17.83,0.056
2024-07-18 16:28:17+00:00,usd_mxn,17.82,17.83,0.056
2024-07-18 16:28:18+00:00,usd_mxn,17.82,17.83,0.056
2024-07-18 16:28:19+00:00,usd_mxn,17.82,17.83,0.056
2024-07-18 16:28:20+00:00,usd_mxn,17.82,17.83,0.056
2024-07-18 16:28:21+00:00,usd_mxn,17.82,17.83,0.056
2024-07-18 16:28:22+00:00,usd_mxn,17.82,17.83,0.056
2024-07-18 16:28:23+00:00,usd_mxn,17.82,17.83,0.056
2024-07-18 16:28:24+00:00,usd_mxn,17.82,17.83,0.056
2024-07-18 16:28:25+00:00,usd_mxn,17.82,17.83,0.056
2024-07-18 16:28:26+00:00,usd_mxn,17.82,17.83,0.056
2024-07-18 16:28:27+00:00,usd_mxn,17.82,17.83,0.056
2024-07-18 16:28:28+00:00,usd_mxn,17.82,17.83,0.056
2024-07-18 16:28:29+00:00,usd_mxn,17.82,17.83,0.056
2024-07-18 16:28:30+00:00,usd_mxn,17.82,17.83,0.056
2024-07-18 16:28:31+00:00,usd_mxn,17.82,17.83,0.056
2024-07-18 16:28:32+00:00,usd_mxn,17.82,17.83,0.056
2024-07-18 16:28:33+00:00,usd_mxn,17.82,17.83,0.056
2024-07-18 16:28:34+00:00,usd_mxn,17.82,17.83,0.056
2024-07-18 16:28:35+00:00,usd_mxn,17.82,17.83,0.056
2024-07-18 16:28:36+00:00,usd_mxn,17.82,17.83,0.056
2024-07-18 16:28:37+00:00,usd_mxn,17.82,17.83,0.056
2024-07-18 16:28:38+00:00,usd_mxn,17.82,17.83,0.056
2024-07-18 16:28:39+00:00,usd_mxn,17.82,17.83,0.056
2024-07-18 16:28:40+00:00,usd_mxn,17.82,17.83,0.056
2024-07-18 16:28:41+00:00,usd_mxn,17.82,17.83,0.056
2024-07-18 16:28:42+00:00,usd_mxn,17.82,17.83,0.056
2024-07-18 16:28:43+00:00,usd_mxn,17.82,17.83,0.056
2024-07-18 16:28:44+00:00,usd_mxn,17.82,17.83,0.056
2024-07-18 16:28:45+00:00,usd_mxn,17.82,17.83,0.056
2024-07-18 16:28:46+00:00,usd_mxn,17.82,17.83,0.056
2024-07-18 16:28:48+00:00,usd_mxn,17.82,17.83,0.056
2024-07-18 16:28:48+00:00,usd_mxn,17.82,17.83,0.056
2024-07-18 16:28:49+00:00,usd_mxn,17.82,17.83,0.056
2024-07-18 16:28:50+00:00,usd_mxn,17.82,17.83,0.056
2024-07-18 16:28:52+00:00,usd_mxn,17.82,17.83,0.056
2024-07-18 16:28:53+00:00,usd_mxn,17.82,17.83,0.056
2024-07-18 16:28:54+00:00,usd_mxn,17.82,17.83,0.056
2024-07-18 16:28:55+00:00,usd_mxn,17.82,17.83,0.056
2024-07-18 16:28:56+00:00,usd_mxn,17.82,17.83,0.056
2024-07-18 16:28:57+00:00,usd_mxn,17.82,17.83,0.056
2024-07-18 16:28:58+00:00,usd_mxn,17.82,17.83,0.056
2024-07-18 16:28:59+00:00,usd_mxn,17.82,17.83,0.056
2024-07-18 16:29:00+00:00,usd_mxn,17.82,17.83,0.056
2024-07-18 16:29:01+00:00,usd_mxn,17.82,17.83,0.056
2024-07-18 16:29:02+00:00,usd_mxn,17.82,17.83,0.056
2024-07-18 16:29:03+00:00,usd_mxn,17.82,17.83,0.056
2024-07-18 16:29:04+00:00,usd_mxn,17.82,17.83,0.056
2024-07-18 16:29:05+00:00,usd_mxn,17.81,17.83,0.112
2024-07-18 16:29:06+00:00,usd_mxn,17.82,17.83,0.056
2024-07-18 16:29:07+00:00,usd_mxn,17.82,17.83,0.056
2024-07-18 16:29:08+00:00,usd_mxn,17.82,17.83,0.056
2024-07-18 16:29:09+00:00,usd_mxn,17.82,17.83,0.056
2024-07-18 16:29:10+00:00,usd_mxn,17.82,17.83,0.056
2024-07-18 16:29:11+00:00,usd_mxn,17.82,17.83,0.056
2024-07-18 16:29:12+00:00,usd_mxn,17.82,17.83,0.056
2024-07-18 16:29:13+00:00,usd_mxn,17.82,17.83,0.056
2024-07-18 16:29:14+00:00,usd_mxn,17.82,17.83,0.056
2024-07-18 16:29:15+00:00,usd_mxn,17.82,17.83,0.056
2024-07-18 16:29:16+00:00,usd_mxn,17.82,17.83,0.056
2024-07-18 16:29:17+00:00,usd_mxn,17.82,17.83,0.056
2024-07-18 16:29:18+00:00,usd_mxn,17.82,17.83,0.056
2024-07-18 16:29:19+00:00,usd_mxn,17.82,17.83,0.056
2024-07-18 16:29:20+00:00,usd_mxn,17.82,17.83,0.056
2024-07-18 16:29:21+00:00,usd_mxn,17.82,17.83,0.056
2024-07-18 16:29:22+00:00,usd_mxn,17.82,17.83,0.056
2024-07-18 16:29:23+00:00,usd_mxn,17.82,17.83,0.056
2024-07-18 16:29:24+00:00,usd_mxn,17.82,17.83,0.056
2024-07-18 16:29:25+00:00,usd_mxn,17.82,17.83,0.056
2024-07-18 16:29:26+00:00,usd_mxn,17.82,17.83,0.056
2024-07-18 16:29:27+00:00,usd_mxn,17.82,17.83,0.056
2024-07-18 16:29:28+00:00,usd_mxn,17.82,17.83,0.056
2024-07-18 16:29:29+00:00,usd_mxn,17.82,17.83,0.056
2024-07-18 16:29:30+00:00,usd_mxn,17.82,17.83,0.056
2024-07-18 16:29:31+00:00,usd_mxn,17.82,17.83,0.056
2024-07-18 16:29:32+00:00,usd_mxn,17.82,17.83,0.056
2024-07-18 16:29:33+00:00,usd_mxn,17.82,17.83,0.056
2024-07-18 16:29:35+00:00,usd_mxn,17.82,17.83,0.056
2024-07-18 16:29:35+00:00,usd_mxn,17.82,17.83,0.056
2024-07-18 16:29:36+00:00,usd_mxn,17.82,17.83,0.056
2024-07-18 16:29:37+00:00,usd_mxn,17.82,17.83,0.056
2024-07-18 16:29:38+00:00,usd_mxn,17.82,17.83,0.056
2024-07-18 16:29:39+00:00,usd_mxn,17.82,17.83,0.056
2024-07-18 16:29:40+00:00,usd_mxn,17.82,17.83,0.056
2024-07-18 16:29:41+00:00,usd_mxn,17.82,17.83,0.056
2024-07-18 16:29:42+00:00,usd_mxn,17.82,17.83,0.056
2024-07-18 16:29:43+00:00,usd_mxn,17.82,17.83,0.056
2024-07-18 16:29:44+00:00,usd_mxn,17.82,17.83,0.056
2024-07-18 16:29:45+00:00,usd_mxn,17.82,17.83,0.056
2024-07-18 16:29:46+00:00,usd_mxn,17.82,17.83,0.056
2024-07-18 16:29:47+00:00,usd_mxn,17.82,17.83,0.056
2024-07-18 16:29:48+00:00,usd_mxn,17.82,17.83,0.056
2024-07-18 16:29:49+00:00,usd_mxn,17.82,17.83,0.056
2024-07-18 16:29:50+00:00,usd_mxn,17.82,17.83,0.056
2024-07-18 16:29:51+00:00,usd_mxn,17.82,17.83,0.056
2024-07-18 16:29:53+00:00,usd_mxn,17.82,17.83,0.056
2024-07-18 16:29:54+00:00,usd_mxn,17.82,17.83,0.056
2024-07-18 16:29:55+00:00,usd_mxn,17.82,17.83,0.056
2024-07-18 16:29:56+00:00,usd_mxn,17.82,17.83,0.056
2024-07-18 16:29:57+00:00,usd_mxn,17.82,17.83,0.056
2024-07-18 16:29:58+00:00,usd_mxn,17.82,17.83,0.056
2024-07-18 16:29:59+00:00,usd_mxn,17.82,17.83,0.056
2024-07-18 16:30:00+00:00,usd_mxn,17.82,17.83,0.056
2024-07-18 16:30:01+00:00,usd_mxn,17.82,17.83,0.056
2024-07-18 16:30:02+00:00,usd_mxn,17.82,17.83,0.056
2024-07-18 16:30:03+00:00,usd_mxn,17.82,17.83,0.056
2024-07-18 16:30:04+00:00,usd_mxn,17.82,17.83,0.056
2024-07-18 16:30:05+00:00,usd_mxn,17.82,17.83,0.056
2024-07-18 16:30:06+00:00,usd_mxn,17.82,17.83,0.056
2024-07-18 16:30:07+00:00,usd_mxn,17.82,17.83,0.056
2024-07-18 16:30:08+00:00,usd_mxn,17.82,17.83,0.056
2024-07-18 16:30:09+00:00,usd_mxn,17.82,17.83,0.056
2024-07-18 16:30:10+00:00,usd_mxn,17.82,17.83,0.056
2024-07-18 16:30:11+00:00,usd_mxn,17.82,17.83,0.056
2024-07-18 16:30:12+00:00,usd_mxn,17.82,17.83,0.056
2024-07-18 16:30:13+00:00,usd_mxn,17.82,17.83,0.056
2024-07-18 16:30:14+00:00,usd_mxn,17.82,17.83,0.056
2024-07-18 16:30:16+00:00,usd_mxn,17.82,17.83,0.056
2024-07-18 16:30:16+00:00,usd_mxn,17.82,17.83,0.056
2024-07-18 16:30:17+00:00,usd_mxn,17.82,17.83,0.056
2024-07-18 16:30:18+00:00,usd_mxn,17.82,17.83,0.056
2024-07-18 16:30:19+00:00,usd_mxn,17.82,17.83,0.056
2024-07-18 16:30:20+00:00,usd_mxn,17.82,17.83,0.056
2024-07-18 16:30:21+00:00,usd_mxn,17.82,17.83,0.056
2024-07-18 16:30:22+00:00,usd_mxn,17.82,17.83,0.056
2024-07-18 16:30:23+00:00,usd_mxn,17.82,17.83,0.056
2024-07-18 16:30:24+00:00,usd_mxn,17.82,17.83,0.056
2024-07-18 16:30:25+00:00,usd_mxn,17.82,17.83,0.056
2024-07-18 16:30:26+00:00,usd_mxn,17.82,17.83,0.056
2024-07-18 16:30:27+00:00,usd_mxn,17.82,17.83,0.056
2024-07-18 16:30:28+00:00,usd_mxn,17.82,17.83,0.056
2024-07-18 16:30:29+00:00,usd_mxn,17.82,17.83,0.056
2024-07-18 16:30:30+00:00,usd_mxn,17.82,17.83,0.056
2024-07-18 16:30:31+00:00,usd_mxn,17.82,17.83,0.056
2024-07-18 16:30:32+00:00,usd_mxn,17.82,17.83,0.056
2024-07-18 16:30:33+00:00,usd_mxn,17.82,17.83,0.056
2024-07-18 16:30:34+00:00,usd_mxn,17.82,17.83,0.056
2024-07-18 16:30:35+00:00,usd_mxn,17.82,17.83,0.056
2024-07-18 16:30:36+00:00,usd_mxn,17.82,17.83,0.056
2024-07-18 16:30:37+00:00,usd_mxn,17.82,17.83,0.056
2024-07-18 16:30:38+00:00,usd_mxn,17.82,17.83,0.056
2024-07-18 16:30:39+00:00,usd_mxn,17.82,17.83,0.056
2024-07-18 16:30:40+00:00,usd_mxn,17.82,17.83,0.056
2024-07-18 16:30:41+00:00,usd_mxn,17.82,17.83,0.056
2024-07-18 16:30:42+00:00,usd_mxn,17.82,17.83,0.056
2024-07-18 16:30:43+00:00,usd_mxn,17.82,17.83,0.056
2024-07-18 16:30:44+00:00,usd_mxn,17.82,17.83,0.056
2024-07-18 16:30:45+00:00,usd_mxn,17.82,17.83,0.056
2024-07-18 16:30:46+00:00,usd_mxn,17.82,17.83,0.056
2024-07-18 16:30:47+00:00,usd_mxn,17.82,17.83,0.056
2024-07-18 16:30:48+00:00,usd_mxn,17.82,17.83,0.056
2024-07-18 16:30:49+00:00,usd_mxn,17.82,17.83,0.056
2024-07-18 16:30:50+00:00,usd_mxn,17.82,17.83,0.056
2024-07-18 16:30:52+00:00,usd_mxn,17.82,17.83,0.056
2024-07-18 16:30:53+00:00,usd_mxn,17.82,17.83,0.056
2024-07-18 16:30:54+00:00,usd_mxn,17.82,17.83,0.056
2024-07-18 16:30:55+00:00,usd_mxn,17.82,17.83,0.056
2024-07-18 16:30:56+00:00,usd_mxn,17.82,17.83,0.056
2024-07-18 16:30:57+00:00,usd_mxn,17.82,17.83,0.056
2024-07-18 16:30:58+00:00,usd_mxn,17.82,17.83,0.056
2024-07-18 16:30:59+00:00,usd_mxn,17.82,17.83,0.056
2024-07-18 16:31:00+00:00,usd_mxn,17.82,17.83,0.056
2024-07-18 16:31:01+00:00,usd_mxn,17.82,17.83,0.056
2024-07-18 16:31:02+00:00,usd_mxn,17.82,17.83,0.056
2024-07-18 16:31:03+00:00,usd_mxn,17.82,17.83,0.056
2024-07-18 16:31:04+00:00,usd_mxn,17.82,17.83,0.056
2024-07-18 16:31:05+00:00,usd_mxn,17.82,17.83,0.056
2024-07-18 16:31:06+00:00,usd_mxn,17.82,17.83,0.056
2024-07-18 16:31:07+00:00,usd_mxn,17.82,17.83,0.056
2024-07-18 16:31:08+00:00,usd_mxn,17.82,17.83,0.056
2024-07-18 16:31:09+00:00,usd_mxn,17.82,17.83,0.056
2024-07-18 16:31:10+00:00,usd_mxn,17.82,17.83,0.056
2024-07-18 16:31:11+00:00,usd_mxn,17.82,17.83,0.056
2024-07-18 16:31:12+00:00,usd_mxn,17.82,17.83,0.056
2024-07-18 16:31:13+00:00,usd_mxn,17.82,17.83,0.056
2024-07-18 16:31:14+00:00,usd_mxn,17.82,17.83,0.056
2024-07-18 16:31:15+00:00,usd_mxn,17.82,17.83,0.056
2024-07-18 16:31:16+00:00,usd_mxn,17.82,17.83,0.056
2024-07-18 16:31:17+00:00,usd_mxn,17.82,17.83,0.056
2024-07-18 16:31:18+00:00,usd_mxn,17.82,17.83,0.056
2024-07-18 16:31:19+00:00,usd_mxn,17.82,17.83,0.056
2024-07-18 16:31:20+00:00,usd_mxn,17.82,17.83,0.056
2024-07-18 16:31:21+00:00,usd_mxn,17.82,17.83,0.056
2024-07-18 16:31:22+00:00,usd_mxn,17.82,17.83,0.056
2024-07-18 16:31:23+00:00,usd_mxn,17.82,17.83,0.056
2024-07-18 16:31:24+00:00,usd_mxn,17.82,17.83,0.056
2024-07-18 16:31:25+00:00,usd_mxn,17.82,17.83,0.056
2024-07-18 16:31:26+00:00,usd_mxn,17.82,17.83,0.056
2024-07-18 16:31:27+00:00,usd_mxn,17.82,17.83,0.056
2024-07-18 16:31:28+00:00,usd_mxn,17.82,17.83,0.056
2024-07-18 16:31:29+00:00,usd_mxn,17.82,17.83,0.056
2024-07-18 16:31:30+00:00,usd_mxn,17.82,17.83,0.056
2024-07-18 16:31:31+00:00,usd_mxn,17.82,17.83,0.056
2024-07-18 16:31:32+00:00,usd_mxn,17.82,17.83,0.056
2024-07-18 16:31:33+00:00,usd_mxn,17.82,17.83,0.056
2024-07-18 16:31:34+00:00,usd_mxn,17.82,17.83,0.056
2024-07-18 16:31:35+00:00,usd_mxn,17.82,17.83,0.056
2024-07-18 16:31:36+00:00,usd_mxn,17.82,17.83,0.056
2024-07-18 16:31:37+00:00,usd_mxn,17.82,17.83,0.056
2024-07-18 16:31:38+00:00,usd_mxn,17.82,17.83,0.056
2024-07-18 16:31:39+00:00,usd_mxn,17.82,17.83,0.056
2024-07-18 16:31:40+00:00,usd_mxn,17.82,17.83,0.056
2024-07-18 16:31:41+00:00,usd_mxn,17.82,17.83,0.056
2024-07-18 16:31:42+00:00,usd_mxn,17.82,17.83,0.056
2024-07-18 16:31:44+00:00,usd_mxn,17.82,17.83,0.056
2024-07-18 16:31:44+00:00,usd_mxn,17.82,17.83,0.056
2024-07-18 16:31:46+00:00,usd_mxn,17.82,17.83,0.056
2024-07-18 16:31:47+00:00,usd_mxn,17.82,17.83,0.056
2024-07-18 16:31:48+00:00,usd_mxn,17.82,17.83,0.056
2024-07-18 16:31:49+00:00,usd_mxn,17.82,17.83,0.056
2024-07-18 16:31:50+00:00,usd_mxn,17.82,17.83,0.056
2024-07-18 16:31:51+00:00,usd_mxn,17.82,17.83,0.056
2024-07-18 16:31:52+00:00,usd_mxn,17.82,17.83,0.056
2024-07-18 16:31:53+00:00,usd_mxn,17.82,17.83,0.056
2024-07-18 16:31:54+00:00,usd_mxn,17.82,17.83,0.056
2024-07-18 16:31:55+00:00,usd_mxn,17.82,17.83,0.056
2024-07-18 16:31:56+00:00,usd_mxn,17.82,17.83,0.056
2024-07-18 16:31:57+00:00,usd_mxn,17.82,17.83,0.056
2024-07-18 16:31:58+00:00,usd_mxn,17.82,17.83,0.056
2024-07-18 16:31:59+00:00,usd_mxn,17.82,17.83,0.056
2024-07-18 16:32:00+00:00,usd_mxn,17.82,17.83,0.056
2024-07-18 16:32:01+00:00,usd_mxn,17.82,17.83,0.056
2024-07-18 16:32:02+00:00,usd_mxn,17.82,17.83,0.056
2024-07-18 16:32:03+00:00,usd_mxn,17.82,17.83,0.056
2024-07-18 16:32:04+00:00,usd_mxn,17.82,17.83,0.056
2024-07-18 16:32:05+00:00,usd_mxn,17.82,17.83,0.056
2024-07-18 16:32:06+00:00,usd_mxn,17.82,17.83,0.056
2024-07-18 16:32:07+00:00,usd_mxn,17.82,17.83,0.056
2024-07-18 16:32:08+00:00,usd_mxn,17.82,17.83,0.056
2024-07-18 16:32:09+00:00,usd_mxn,17.82,17.83,0.056
2024-07-18 16:32:10+00:00,usd_mxn,17.82,17.83,0.056
2024-07-18 16:32:11+00:00,usd_mxn,17.82,17.83,0.056
2024-07-18 16:32:12+00:00,usd_mxn,17.82,17.83,0.056
2024-07-18 16:32:13+00:00,usd_mxn,17.82,17.83,0.056
2024-07-18 16:32:14+00:00,usd_mxn,17.82,17.83,0.056
2024-07-18 16:32:15+00:00,usd_mxn,17.82,17.83,0.056
2024-07-18 16:32:16+00:00,usd_mxn,17.82,17.83,0.056
2024-07-18 16:32:17+00:00,usd_mxn,17.82,17.83,0.056
2024-07-18 16:32:18+00:00,usd_mxn,17.82,17.83,0.056
2024-07-18 16:32:19+00:00,usd_mxn,17.82,17.83,0.056
2024-07-18 16:32:20+00:00,usd_mxn,17.82,17.83,0.056
2024-07-18 16:32:21+00:00,usd_mxn,17.82,17.83,0.056
2024-07-18 16:32:22+00:00,usd_mxn,17.82,17.83,0.056
2024-07-18 16:32:23+00:00,usd_mxn,17.82,17.83,0.056
2024-07-18 16:32:24+00:00,usd_mxn,17.82,17.83,0.056
2024-07-18 16:32:25+00:00,usd_mxn,17.82,17.83,0.056
2024-07-18 16:32:26+00:00,usd_mxn,17.82,17.83,0.056
2024-07-18 16:32:27+00:00,usd_mxn,17.82,17.83,0.056
2024-07-18 16:32:28+00:00,usd_mxn,17.82,17.83,0.056
2024-07-18 16:32:29+00:00,usd_mxn,17.82,17.83,0.056
2024-07-18 16:32:30+00:00,usd_mxn,17.82,17.83,0.056
2024-07-18 16:32:31+00:00,usd_mxn,17.82,17.83,0.056
2024-07-18 16:32:32+00:00,usd_mxn,17.82,17.83,0.056
2024-07-18 16:32:33+00:00,usd_mxn,17.82,17.83,0.056
2024-07-18 16:32:34+00:00,usd_mxn,17.82,17.83,0.056
2024-07-18 16:32:35+00:00,usd_mxn,17.82,17.83,0.056
2024-07-18 16:32:36+00:00,usd_mxn,17.82,17.83,0.056
2024-07-18 16:32:37+00:00,usd_mxn,17.82,17.83,0.056
2024-07-18 16:32:38+00:00,usd_mxn,17.82,17.83,0.056
2024-07-18 16:32:39+00:00,usd_mxn,17.82,17.83,0.056
2024-07-18 16:32:41+00:00,usd_mxn,17.82,17.83,0.056
2024-07-18 16:32:41+00:00,usd_mxn,17.82,17.83,0.056
2024-07-18 16:32:42+00:00,usd_mxn,17.82,17.83,0.056
2024-07-18 16:32:43+00:00,usd_mxn,17.82,17.83,0.056
2024-07-18 16:32:45+00:00,usd_mxn,17.82,17.83,0.056
2024-07-18 16:32:46+00:00,usd_mxn,17.82,17.83,0.056
2024-07-18 16:32:47+00:00,usd_mxn,17.82,17.83,0.056
2024-07-18 16:32:48+00:00,usd_mxn,17.82,17.83,0.056
2024-07-18 16:32:49+00:00,usd_mxn,17.82,17.83,0.056
2024-07-18 16:32:50+00:00,usd_mxn,17.82,17.83,0.056
2024-07-18 16:32:51+00:00,usd_mxn,17.82,17.83,0.056
2024-07-18 16:32:52+00:00,usd_mxn,17.82,17.83,0.056
2024-07-18 16:32:53+00:00,usd_mxn,17.82,17.83,0.056
2024-07-18 16:32:54+00:00,usd_mxn,17.82,17.83,0.056
2024-07-18 16:32:55+00:00,usd_mxn,17.82,17.83,0.056
2024-07-18 16:32:56+00:00,usd_mxn,17.82,17.83,0.056
2024-07-18 16:32:57+00:00,usd_mxn,17.82,17.83,0.056
2024-07-18 16:32:58+00:00,usd_mxn,17.82,17.83,0.056
2024-07-18 16:32:59+00:00,usd_mxn,17.82,17.83,0.056
2024-07-18 16:33:00+00:00,usd_mxn,17.82,17.83,0.056
2024-07-18 16:33:01+00:00,usd_mxn,17.82,17.83,0.056
2024-07-18 16:33:02+00:00,usd_mxn,17.82,17.83,0.056
2024-07-18 16:33:04+00:00,usd_mxn,17.82,17.83,0.056
2024-07-18 16:33:05+00:00,usd_mxn,17.82,17.83,0.056
2024-07-18 16:33:06+00:00,usd_mxn,17.82,17.83,0.056
2024-07-18 16:33:07+00:00,usd_mxn,17.82,17.83,0.056
2024-07-18 16:33:08+00:00,usd_mxn,17.82,17.83,0.056
2024-07-18 16:33:09+00:00,usd_mxn,17.82,17.83,0.056
2024-07-18 16:33:10+00:00,usd_mxn,17.82,17.83,0.056
2024-07-18 16:33:11+00:00,usd_mxn,17.82,17.83,0.056
2024-07-18 16:33:12+00:00,usd_mxn,17.82,17.83,0.056
2024-07-18 16:33:13+00:00,usd_mxn,17.82,17.83,0.056
2024-07-18 16:33:14+00:00,usd_mxn,17.82,17.83,0.056
2024-07-18 16:33:15+00:00,usd_mxn,17.82,17.83,0.056
2024-07-18 16:33:16+00:00,usd_mxn,17.82,17.83,0.056
2024-07-18 16:33:17+00:00,usd_mxn,17.82,17.83,0.056
2024-07-18 16:33:18+00:00,usd_mxn,17.82,17.83,0.056
2024-07-18 16:33:19+00:00,usd_mxn,17.82,17.83,0.056
2024-07-18 16:33:20+00:00,usd_mxn,17.82,17.83,0.056
2024-07-18 16:33:21+00:00,usd_mxn,17.82,17.83,0.056
2024-07-18 16:33:22+00:00,usd_mxn,17.82,17.83,0.056
2024-07-18 16:33:23+00:00,usd_mxn,17.82,17.83,0.056
2024-07-18 16:33:24+00:00,usd_mxn,17.82,17.83,0.056
2024-07-18 16:33:25+00:00,usd_mxn,17.82,17.83,0.056
2024-07-18 16:33:26+00:00,usd_mxn,17.82,17.83,0.056
2024-07-18 16:33:27+00:00,usd_mxn,17.82,17.83,0.056
2024-07-18 16:33:28+00:00,usd_mxn,17.82,17.83,0.056
2024-07-18 16:33:29+00:00,usd_mxn,17.82,17.83,0.056
2024-07-18 16:33:30+00:00,usd_mxn,17.82,17.83,0.056
2024-07-18 16:33:31+00:00,usd_mxn,17.82,17.83,0.056
2024-07-18 16:33:32+00:00,usd_mxn,17.82,17.83,0.056
2024-07-18 16:33:33+00:00,usd_mxn,17.82,17.83,0.056
2024-07-18 16:33:34+00:00,usd_mxn,17.82,17.83,0.056
2024-07-18 16:33:35+00:00,usd_mxn,17.82,17.83,0.056
2024-07-18 16:33:36+00:00,usd_mxn,17.82,17.83,0.056
2024-07-18 16:33:37+00:00,usd_mxn,17.82,17.83,0.056
2024-07-18 16:33:38+00:00,usd_mxn,17.82,17.83,0.056
2024-07-18 16:33:39+00:00,usd_mxn,17.82,17.83,0.056
2024-07-18 16:33:40+00:00,usd_mxn,17.82,17.83,0.056
2024-07-18 16:33:41+00:00,usd_mxn,17.82,17.83,0.056
2024-07-18 16:33:42+00:00,usd_mxn,17.82,17.83,0.056
2024-07-18 16:33:43+00:00,usd_mxn,17.82,17.83,0.056
2024-07-18 16:33:45+00:00,usd_mxn,17.82,17.83,0.056
2024-07-18 16:33:45+00:00,usd_mxn,17.82,17.83,0.056
2024-07-18 16:33:47+00:00,usd_mxn,17.82,17.83,0.056
2024-07-18 16:33:47+00:00,usd_mxn,17.82,17.83,0.056
2024-07-18 16:33:49+00:00,usd_mxn,17.82,17.83,0.056
2024-07-18 16:33:50+00:00,usd_mxn,17.82,17.83,0.056
2024-07-18 16:33:51+00:00,usd_mxn,17.82,17.83,0.056
2024-07-18 16:33:52+00:00,usd_mxn,17.82,17.83,0.056
2024-07-18 16:33:53+00:00,usd_mxn,17.82,17.83,0.056
2024-07-18 16:33:54+00:00,usd_mxn,17.82,17.83,0.056
2024-07-18 16:33:55+00:00,usd_mxn,17.82,17.83,0.056
2024-07-18 16:33:56+00:00,usd_mxn,17.82,17.83,0.056
2024-07-18 16:33:57+00:00,usd_mxn,17.82,17.83,0.056
2024-07-18 16:33:58+00:00,usd_mxn,17.82,17.83,0.056
2024-07-18 16:33:59+00:00,usd_mxn,17.82,17.83,0.056
2024-07-18 16:34:00+00:00,usd_mxn,17.82,17.83,0.056
2024-07-18 16:34:01+00:00,usd_mxn,17.82,17.83,0.056
2024-07-18 16:34:02+00:00,usd_mxn,17.82,17.83,0.056
2024-07-18 16:34:03+00:00,usd_mxn,17.82,17.83,0.056
2024-07-18 16:34:04+00:00,usd_mxn,17.82,17.83,0.056
2024-07-18 16:34:05+00:00,usd_mxn,17.82,17.83,0.056
2024-07-18 16:34:06+00:00,usd_mxn,17.82,17.83,0.056
2024-07-18 16:34:07+00:00,usd_mxn,17.82,17.83,0.056
2024-07-18 16:34:08+00:00,usd_mxn,17.82,17.83,0.056
2024-07-18 16:34:09+00:00,usd_mxn,17.82,17.83,0.056
2024-07-18 16:34:10+00:00,usd_mxn,17.82,17.83,0.056
2024-07-18 16:34:11+00:00,usd_mxn,17.82,17.83,0.056
2024-07-18 16:34:12+00:00,usd_mxn,17.82,17.83,0.056
2024-07-18 16:34:13+00:00,usd_mxn,17.82,17.83,0.056
2024-07-18 16:34:14+00:00,usd_mxn,17.82,17.83,0.056
2024-07-18 16:34:15+00:00,usd_mxn,17.82,17.83,0.056
2024-07-18 16:34:16+00:00,usd_mxn,17.82,17.83,0.056
2024-07-18 16:34:17+00:00,usd_mxn,17.82,17.83,0.056
2024-07-18 16:34:18+00:00,usd_mxn,17.82,17.83,0.056
2024-07-18 16:34:19+00:00,usd_mxn,17.82,17.83,0.056
2024-07-18 16:34:20+00:00,usd_mxn,17.82,17.83,0.056
2024-07-18 16:34:21+00:00,usd_mxn,17.82,17.83,0.056
2024-07-18 16:34:22+00:00,usd_mxn,17.82,17.83,0.056
2024-07-18 16:34:23+00:00,usd_mxn,17.82,17.83,0.056
2024-07-18 16:34:24+00:00,usd_mxn,17.82,17.83,0.056
2024-07-18 16:34:25+00:00,usd_mxn,17.82,17.83,0.056
2024-07-18 16:34:26+00:00,usd_mxn,17.82,17.83,0.056
2024-07-18 16:34:27+00:00,usd_mxn,17.82,17.83,0.056
2024-07-18 16:34:28+00:00,usd_mxn,17.82,17.83,0.056
2024-07-18 16:34:29+00:00,usd_mxn,17.82,17.83,0.056
2024-07-18 16:34:30+00:00,usd_mxn,17.82,17.83,0.056
2024-07-18 16:34:31+00:00,usd_mxn,17.82,17.83,0.056
2024-07-18 16:34:32+00:00,usd_mxn,17.82,17.83,0.056
2024-07-18 16:34:33+00:00,usd_mxn,17.82,17.83,0.056
2024-07-18 16:34:34+00:00,usd_mxn,17.82,17.83,0.056
2024-07-18 16:34:35+00:00,usd_mxn,17.82,17.83,0.056
2024-07-18 16:34:36+00:00,usd_mxn,17.82,17.83,0.056
2024-07-18 16:34:37+00:00,usd_mxn,17.82,17.83,0.056
2024-07-18 16:34:38+00:00,usd_mxn,17.82,17.83,0.056
2024-07-18 16:34:40+00:00,usd_mxn,17.82,17.83,0.056
2024-07-18 16:34:41+00:00,usd_mxn,17.82,17.83,0.056
2024-07-18 16:34:42+00:00,usd_mxn,17.82,17.83,0.056
2024-07-18 16:34:43+00:00,usd_mxn,17.82,17.83,0.056
2024-07-18 16:34:44+00:00,usd_mxn,17.82,17.83,0.056
2024-07-18 16:34:45+00:00,usd_mxn,17.82,17.83,0.056
2024-07-18 16:34:47+00:00,usd_mxn,17.82,17.83,0.056
2024-07-18 16:34:47+00:00,usd_mxn,17.82,17.83,0.056
2024-07-18 16:34:48+00:00,usd_mxn,17.82,17.83,0.056
2024-07-18 16:34:50+00:00,usd_mxn,17.82,17.83,0.056
2024-07-18 16:34:51+00:00,usd_mxn,17.82,17.83,0.056
2024-07-18 16:34:52+00:00,usd_mxn,17.82,17.83,0.056
2024-07-18 16:34:53+00:00,usd_mxn,17.82,17.83,0.056
2024-07-18 16:34:54+00:00,usd_mxn,17.82,17.83,0.056
2024-07-18 16:34:55+00:00,usd_mxn,17.82,17.83,0.056
2024-07-18 16:34:56+00:00,usd_mxn,17.82,17.83,0.056
2024-07-18 16:34:57+00:00,usd_mxn,17.82,17.83,0.056
2024-07-18 16:34:58+00:00,usd_mxn,17.82,17.83,0.056
2024-07-18 16:34:59+00:00,usd_mxn,17.82,17.83,0.056
2024-07-18 16:35:00+00:00,usd_mxn,17.82,17.83,0.056
2024-07-18 16:35:01+00:00,usd_mxn,17.82,17.83,0.056
2024-07-18 16:35:02+00:00,usd_mxn,17.82,17.83,0.056
2024-07-18 16:35:03+00:00,usd_mxn,17.82,17.83,0.056
2024-07-18 16:35:04+00:00,usd_mxn,17.82,17.83,0.056
2024-07-18 16:35:05+00:00,usd_mxn,17.82,17.83,0.056
2024-07-18 16:35:06+00:00,usd_mxn,17.82,17.83,0.056
2024-07-18 16:35:07+00:00,usd_mxn,17.82,17.83,0.056
2024-07-18 16:35:08+00:00,usd_mxn,17.82,17.83,0.056
2024-07-18 16:35:09+00:00,usd_mxn,17.82,17.83,0.056
2024-07-18 16:35:10+00:00,usd_mxn,17.82,17.83,0.056
2024-07-18 16:35:11+00:00,usd_mxn,17.82,17.83,0.056
2024-07-18 16:35:12+00:00,usd_mxn,17.82,17.83,0.056
2024-07-18 16:35:13+00:00,usd_mxn,17.82,17.83,0.056
2024-07-18 16:35:14+00:00,usd_mxn,17.82,17.83,0.056
2024-07-18 16:35:15+00:00,usd_mxn,17.82,17.83,0.056
2024-07-18 16:35:16+00:00,usd_mxn,17.82,17.83,0.056
2024-07-18 16:35:17+00:00,usd_mxn,17.82,17.83,0.056
2024-07-18 16:35:18+00:00,usd_mxn,17.82,17.83,0.056
2024-07-18 16:35:19+00:00,usd_mxn,17.82,17.83,0.056
2024-07-18 16:35:20+00:00,usd_mxn,17.82,17.83,0.056
2024-07-18 16:35:21+00:00,usd_mxn,17.82,17.83,0.056
2024-07-18 16:35:22+00:00,usd_mxn,17.82,17.83,0.056
2024-07-18 16:35:23+00:00,usd_mxn,17.82,17.83,0.056
2024-07-18 16:35:24+00:00,usd_mxn,17.82,17.83,0.056
2024-07-18 16:35:25+00:00,usd_mxn,17.82,17.83,0.056
2024-07-18 16:35:26+00:00,usd_mxn,17.82,17.83,0.056
2024-07-18 16:35:27+00:00,usd_mxn,17.82,17.83,0.056
2024-07-18 16:35:28+00:00,usd_mxn,17.82,17.83,0.056
2024-07-18 16:35:29+00:00,usd_mxn,17.82,17.83,0.056
2024-07-18 16:35:30+00:00,usd_mxn,17.82,17.83,0.056
2024-07-18 16:35:31+00:00,usd_mxn,17.82,17.83,0.056
2024-07-18 16:35:32+00:00,usd_mxn,17.82,17.83,0.056
2024-07-18 16:35:33+00:00,usd_mxn,17.82,17.83,0.056
2024-07-18 16:35:34+00:00,usd_mxn,17.82,17.83,0.056
2024-07-18 16:35:35+00:00,usd_mxn,17.82,17.83,0.056
2024-07-18 16:35:36+00:00,usd_mxn,17.82,17.83,0.056
2024-07-18 16:35:37+00:00,usd_mxn,17.82,17.83,0.056
2024-07-18 16:35:38+00:00,usd_mxn,17.82,17.83,0.056
2024-07-18 16:35:39+00:00,usd_mxn,17.82,17.83,0.056
2024-07-18 16:35:40+00:00,usd_mxn,17.82,17.83,0.056
2024-07-18 16:35:41+00:00,usd_mxn,17.82,17.83,0.056
2024-07-18 16:35:42+00:00,usd_mxn,17.82,17.83,0.056
2024-07-18 16:35:43+00:00,usd_mxn,17.82,17.83,0.056
2024-07-18 16:35:44+00:00,usd_mxn,17.82,17.83,0.056
2024-07-18 16:35:45+00:00,usd_mxn,17.82,17.83,0.056
2024-07-18 16:35:46+00:00,usd_mxn,17.82,17.83,0.056
2024-07-18 16:35:47+00:00,usd_mxn,17.82,17.83,0.056
2024-07-18 16:35:48+00:00,usd_mxn,17.82,17.83,0.056
2024-07-18 16:35:49+00:00,usd_mxn,17.82,17.83,0.056
2024-07-18 16:35:50+00:00,usd_mxn,17.82,17.83,0.056
2024-07-18 16:35:51+00:00,usd_mxn,17.82,17.83,0.056
2024-07-18 16:35:52+00:00,usd_mxn,17.82,17.83,0.056
2024-07-18 16:35:53+00:00,usd_mxn,17.82,17.83,0.056
2024-07-18 16:35:54+00:00,usd_mxn,17.82,17.83,0.056
2024-07-18 16:35:56+00:00,usd_mxn,17.82,17.83,0.056
2024-07-18 16:35:57+00:00,usd_mxn,17.82,17.83,0.056
2024-07-18 16:35:57+00:00,usd_mxn,17.82,17.83,0.056
2024-07-18 16:35:59+00:00,usd_mxn,17.82,17.83,0.056
2024-07-18 16:36:00+00:00,usd_mxn,17.82,17.83,0.056
2024-07-18 16:36:01+00:00,usd_mxn,17.82,17.83,0.056
2024-07-18 16:36:02+00:00,usd_mxn,17.82,17.83,0.056
2024-07-18 16:36:03+00:00,usd_mxn,17.82,17.83,0.056
2024-07-18 16:36:04+00:00,usd_mxn,17.82,17.83,0.056
2024-07-18 16:36:05+00:00,usd_mxn,17.82,17.83,0.056
2024-07-18 16:36:06+00:00,usd_mxn,17.82,17.83,0.056
2024-07-18 16:36:07+00:00,usd_mxn,17.82,17.83,0.056
2024-07-18 16:36:08+00:00,usd_mxn,17.82,17.83,0.056
2024-07-18 16:36:09+00:00,usd_mxn,17.82,17.83,0.056
2024-07-18 16:36:10+00:00,usd_mxn,17.82,17.83,0.056
2024-07-18 16:36:11+00:00,usd_mxn,17.82,17.83,0.056
2024-07-18 16:36:12+00:00,usd_mxn,17.82,17.83,0.056
2024-07-18 16:36:13+00:00,usd_mxn,17.82,17.83,0.056
2024-07-18 16:36:14+00:00,usd_mxn,17.82,17.83,0.056
2024-07-18 16:36:15+00:00,usd_mxn,17.82,17.83,0.056
2024-07-18 16:36:16+00:00,usd_mxn,17.82,17.83,0.056
2024-07-18 16:36:17+00:00,usd_mxn,17.82,17.83,0.056
2024-07-18 16:36:18+00:00,usd_mxn,17.82,17.83,0.056
2024-07-18 16:36:19+00:00,usd_mxn,17.82,17.83,0.056
2024-07-18 16:36:20+00:00,usd_mxn,17.82,17.83,0.056
2024-07-18 16:36:21+00:00,usd_mxn,17.82,17.83,0.056
2024-07-18 16:36:22+00:00,usd_mxn,17.82,17.83,0.056
2024-07-18 16:36:23+00:00,usd_mxn,17.82,17.83,0.056
2024-07-18 16:36:24+00:00,usd_mxn,17.82,17.83,0.056
2024-07-18 16:36:25+00:00,usd_mxn,17.82,17.83,0.056
2024-07-18 16:36:26+00:00,usd_mxn,17.82,17.83,0.056
2024-07-18 16:36:27+00:00,usd_mxn,17.82,17.83,0.056
2024-07-18 16:36:28+00:00,usd_mxn,17.82,17.83,0.056
2024-07-18 16:36:29+00:00,usd_mxn,17.82,17.83,0.056
2024-07-18 16:36:30+00:00,usd_mxn,17.82,17.83,0.056
2024-07-18 16:36:31+00:00,usd_mxn,17.82,17.83,0.056
2024-07-18 16:36:32+00:00,usd_mxn,17.82,17.83,0.056
2024-07-18 16:36:33+00:00,usd_mxn,17.82,17.83,0.056
2024-07-18 16:36:34+00:00,usd_mxn,17.82,17.83,0.056
2024-07-18 16:36:35+00:00,usd_mxn,17.82,17.83,0.056
2024-07-18 16:36:36+00:00,usd_mxn,17.82,17.83,0.056
2024-07-18 16:36:37+00:00,usd_mxn,17.82,17.83,0.056
2024-07-18 16:36:38+00:00,usd_mxn,17.82,17.83,0.056
2024-07-18 16:36:39+00:00,usd_mxn,17.82,17.83,0.056
2024-07-18 16:36:40+00:00,usd_mxn,17.82,17.83,0.056
2024-07-18 16:36:41+00:00,usd_mxn,17.82,17.83,0.056
2024-07-18 16:36:42+00:00,usd_mxn,17.82,17.83,0.056
2024-07-18 16:36:43+00:00,usd_mxn,17.82,17.83,0.056
2024-07-18 16:36:44+00:00,usd_mxn,17.82,17.83,0.056
2024-07-18 16:36:45+00:00,usd_mxn,17.82,17.83,0.056
2024-07-18 16:36:46+00:00,usd_mxn,17.82,17.83,0.056
2024-07-18 16:36:47+00:00,usd_mxn,17.82,17.83,0.056
2024-07-18 16:36:48+00:00,usd_mxn,17.82,17.83,0.056
2024-07-18 16:36:49+00:00,usd_mxn,17.82,17.83,0.056
2024-07-18 16:36:50+00:00,usd_mxn,17.82,17.83,0.056
2024-07-18 16:36:51+00:00,usd_mxn,17.82,17.83,0.056
2024-07-18 16:36:52+00:00,usd_mxn,17.82,17.83,0.056
2024-07-18 16:36:53+00:00,usd_mxn,17.82,17.83,0.056
2024-07-18 16:36:54+00:00,usd_mxn,17.82,17.83,0.056
2024-07-18 16:36:55+00:00,usd_mxn,17.82,17.83,0.056
2024-07-18 16:36:56+00:00,usd_mxn,17.82,17.83,0.056
2024-07-18 16:36:57+00:00,usd_mxn,17.82,17.83,0.056
2024-07-18 16:36:58+00:00,usd_mxn,17.82,17.83,0.056
2024-07-18 16:36:59+00:00,usd_mxn,17.82,17.83,0.056
2024-07-18 16:37:00+00:00,usd_mxn,17.82,17.83,0.056
2024-07-18 16:37:02+00:00,usd_mxn,17.82,17.83,0.056
2024-07-18 16:37:03+00:00,usd_mxn,17.82,17.83,0.056
2024-07-18 16:37:04+00:00,usd_mxn,17.82,17.83,0.056
2024-07-18 16:37:05+00:00,usd_mxn,17.82,17.83,0.056
2024-07-18 16:37:06+00:00,usd_mxn,17.82,17.83,0.056
2024-07-18 16:37:07+00:00,usd_mxn,17.82,17.83,0.056
2024-07-18 16:37:08+00:00,usd_mxn,17.82,17.83,0.056
2024-07-18 16:37:09+00:00,usd_mxn,17.82,17.83,0.056
2024-07-18 16:37:10+00:00,usd_mxn,17.82,17.83,0.056
2024-07-18 16:37:11+00:00,usd_mxn,17.82,17.83,0.056
2024-07-18 16:37:12+00:00,usd_mxn,17.82,17.83,0.056
2024-07-18 16:37:13+00:00,usd_mxn,17.82,17.83,0.056
2024-07-18 16:37:14+00:00,usd_mxn,17.82,17.83,0.056
2024-07-18 16:37:15+00:00,usd_mxn,17.82,17.83,0.056
2024-07-18 16:37:16+00:00,usd_mxn,17.82,17.83,0.056
2024-07-18 16:37:17+00:00,usd_mxn,17.82,17.83,0.056
2024-07-18 16:37:18+00:00,usd_mxn,17.82,17.83,0.056
2024-07-18 16:37:19+00:00,usd_mxn,17.82,17.83,0.056
2024-07-18 16:37:20+00:00,usd_mxn,17.82,17.83,0.056
2024-07-18 16:37:21+00:00,usd_mxn,17.82,17.83,0.056
2024-07-18 16:37:22+00:00,usd_mxn,17.82,17.83,0.056
2024-07-18 16:37:23+00:00,usd_mxn,17.82,17.83,0.056
2024-07-18 16:37:24+00:00,usd_mxn,17.82,17.83,0.056
2024-07-18 16:37:25+00:00,usd_mxn,17.82,17.83,0.056
2024-07-18 16:37:26+00:00,usd_mxn,17.82,17.83,0.056
2024-07-18 16:37:27+00:00,usd_mxn,17.82,17.83,0.056
2024-07-18 16:37:28+00:00,usd_mxn,17.82,17.83,0.056
2024-07-18 16:37:29+00:00,usd_mxn,17.82,17.83,0.056
2024-07-18 16:37:30+00:00,usd_mxn,17.82,17.83,0.056
2024-07-18 16:37:31+00:00,usd_mxn,17.82,17.83,0.056
2024-07-18 16:37:32+00:00,usd_mxn,17.82,17.83,0.056
2024-07-18 16:37:33+00:00,usd_mxn,17.82,17.83,0.056
2024-07-18 16:37:34+00:00,usd_mxn,17.82,17.83,0.056
2024-07-18 16:37:35+00:00,usd_mxn,17.82,17.83,0.056
2024-07-18 16:37:36+00:00,usd_mxn,17.82,17.83,0.056
2024-07-18 16:37:37+00:00,usd_mxn,17.82,17.83,0.056
2024-07-18 16:37:38+00:00,usd_mxn,17.82,17.83,0.056
2024-07-18 16:37:39+00:00,usd_mxn,17.82,17.83,0.056
2024-07-18 16:37:40+00:00,usd_mxn,17.82,17.83,0.056
2024-07-18 16:37:41+00:00,usd_mxn,17.82,17.83,0.056
2024-07-18 16:37:42+00:00,usd_mxn,17.82,17.83,0.056
2024-07-18 16:37:43+00:00,usd_mxn,17.82,17.83,0.056
2024-07-18 16:37:44+00:00,usd_mxn,17.82,17.83,0.056
2024-07-18 16:37:45+00:00,usd_mxn,17.82,17.83,0.056
2024-07-18 16:37:46+00:00,usd_mxn,17.82,17.83,0.056
2024-07-18 16:37:47+00:00,usd_mxn,17.82,17.83,0.056
2024-07-18 16:37:48+00:00,usd_mxn,17.82,17.83,0.056
2024-07-18 16:37:49+00:00,usd_mxn,17.82,17.83,0.056
2024-07-18 16:37:50+00:00,usd_mxn,17.82,17.83,0.056
2024-07-18 16:37:51+00:00,usd_mxn,17.82,17.83,0.056
2024-07-18 16:37:52+00:00,usd_mxn,17.82,17.83,0.056
2024-07-18 16:37:53+00:00,usd_mxn,17.82,17.83,0.056
2024-07-18 16:37:54+00:00,usd_mxn,17.82,17.83,0.056
2024-07-18 16:37:55+00:00,usd_mxn,17.82,17.83,0.056
2024-07-18 16:37:56+00:00,usd_mxn,17.82,17.83,0.056
2024-07-18 16:37:57+00:00,usd_mxn,17.82,17.83,0.056
2024-07-18 16:37:58+00:00,usd_mxn,17.82,17.83,0.056
2024-07-18 16:37:59+00:00,usd_mxn,17.82,17.83,0.056
2024-07-18 16:38:00+00:00,usd_mxn,17.82,17.83,0.056
2024-07-18 16:38:01+00:00,usd_mxn,17.82,17.83,0.056
2024-07-18 16:38:02+00:00,usd_mxn,17.82,17.83,0.056
2024-07-18 16:38:03+00:00,usd_mxn,17.82,17.83,0.056
2024-07-18 16:38:04+00:00,usd_mxn,17.82,17.83,0.056
2024-07-18 16:38:05+00:00,usd_mxn,17.82,17.83,0.056
2024-07-18 16:38:06+00:00,usd_mxn,17.82,17.83,0.056
2024-07-18 16:38:07+00:00,usd_mxn,17.82,17.83,0.056
2024-07-18 16:38:09+00:00,usd_mxn,17.82,17.83,0.056
2024-07-18 16:38:10+00:00,usd_mxn,17.82,17.83,0.056
2024-07-18 16:38:11+00:00,usd_mxn,17.82,17.83,0.056
