orderbook_timestamp,book,bid,ask,spread
2024-07-17 23:45:45+00:00,btc_mxn,1139449.98,1139450.02,0.0
2024-07-17 23:45:46+00:00,btc_mxn,1139449.98,1139450.02,0.0
2024-07-17 23:45:47+00:00,btc_mxn,1139449.98,1139450.02,0.0
2024-07-17 23:45:48+00:00,btc_mxn,1139449.98,1139450.02,0.0
2024-07-17 23:45:49+00:00,btc_mxn,1139449.98,1139450.02,0.0
2024-07-17 23:45:50+00:00,btc_mxn,1139449.98,1139450.02,0.0
2024-07-17 23:45:51+00:00,btc_mxn,1139449.98,1139450.02,0.0
2024-07-17 23:45:52+00:00,btc_mxn,1139449.98,1139450.02,0.0
2024-07-17 23:45:54+00:00,btc_mxn,1139449.98,1139450.02,0.0
2024-07-17 23:45:54+00:00,btc_mxn,1139449.98,1139450.02,0.0
2024-07-17 23:45:55+00:00,btc_mxn,1139449.98,1139450.02,0.0
2024-07-17 23:45:56+00:00,btc_mxn,1139449.98,1139450.02,0.0
2024-07-17 23:45:58+00:00,btc_mxn,1139449.98,1139450.02,0.0
2024-07-17 23:45:59+00:00,btc_mxn,1139449.98,1139450.02,0.0
2024-07-17 23:46:00+00:00,btc_mxn,1139449.98,1139450.02,0.0
2024-07-17 23:46:01+00:00,btc_mxn,1139449.98,1139450.02,0.0
2024-07-17 23:46:02+00:00,btc_mxn,1139449.98,1139450.02,0.0
2024-07-17 23:46:03+00:00,btc_mxn,1139449.98,1139450.02,0.0
2024-07-17 23:46:04+00:00,btc_mxn,1139449.98,1139450.02,0.0
2024-07-17 23:46:05+00:00,btc_mxn,1139449.98,1139450.02,0.0
2024-07-17 23:46:06+00:00,btc_mxn,1139449.98,1139450.02,0.0
2024-07-17 23:46:07+00:00,btc_mxn,1139449.98,1139450.02,0.0
2024-07-17 23:46:08+00:00,btc_mxn,1139449.98,1139450.02,0.0
2024-07-17 23:46:09+00:00,btc_mxn,1139449.98,1139450.02,0.0
2024-07-17 23:46:10+00:00,btc_mxn,1139449.98,1139450.02,0.0
2024-07-17 23:46:11+00:00,btc_mxn,1139449.98,1139450.02,0.0
2024-07-17 23:46:12+00:00,btc_mxn,1139449.98,1139450.02,0.0
2024-07-17 23:46:13+00:00,btc_mxn,1139449.98,1139450.02,0.0
2024-07-17 23:46:14+00:00,btc_mxn,1139449.98,1139450.02,0.0
2024-07-17 23:46:15+00:00,btc_mxn,1139449.98,1139450.02,0.0
2024-07-17 23:46:16+00:00,btc_mxn,1139449.98,1139450.02,0.0
2024-07-17 23:46:17+00:00,btc_mxn,1139449.98,1139450.02,0.0
2024-07-17 23:46:18+00:00,btc_mxn,1139449.98,1139450.02,0.0
2024-07-17 23:46:19+00:00,btc_mxn,1139449.98,1139450.02,0.0
2024-07-17 23:46:20+00:00,btc_mxn,1139449.98,1139450.02,0.0
2024-07-17 23:46:21+00:00,btc_mxn,1139449.98,1139450.02,0.0
2024-07-17 23:46:22+00:00,btc_mxn,1139449.98,1139450.02,0.0
2024-07-17 23:46:23+00:00,btc_mxn,1139449.98,1139450.02,0.0
2024-07-17 23:46:24+00:00,btc_mxn,1139449.98,1139450.02,0.0
2024-07-17 23:46:25+00:00,btc_mxn,1139449.98,1139450.02,0.0
2024-07-17 23:46:26+00:00,btc_mxn,1139449.98,1139450.02,0.0
2024-07-17 23:46:27+00:00,btc_mxn,1139449.98,1139450.02,0.0
2024-07-17 23:46:28+00:00,btc_mxn,1139449.98,1139450.02,0.0
2024-07-17 23:46:29+00:00,btc_mxn,1139449.98,1139450.02,0.0
2024-07-17 23:46:30+00:00,btc_mxn,1139449.98,1139450.02,0.0
2024-07-17 23:46:31+00:00,btc_mxn,1139449.98,1139450.02,0.0
2024-07-17 23:46:32+00:00,btc_mxn,1139449.98,1139450.02,0.0
2024-07-17 23:46:33+00:00,btc_mxn,1139449.98,1139450.02,0.0
2024-07-17 23:46:34+00:00,btc_mxn,1139449.98,1139450.02,0.0
2024-07-17 23:46:35+00:00,btc_mxn,1139449.98,1139450.02,0.0
2024-07-17 23:46:36+00:00,btc_mxn,1139449.98,1139450.02,0.0
2024-07-17 23:46:37+00:00,btc_mxn,1139449.98,1139450.02,0.0
2024-07-17 23:46:38+00:00,btc_mxn,1139449.98,1139450.02,0.0
2024-07-17 23:46:39+00:00,btc_mxn,1139449.98,1139450.02,0.0
2024-07-17 23:46:40+00:00,btc_mxn,1139449.98,1139450.02,0.0
2024-07-17 23:46:41+00:00,btc_mxn,1139449.98,1139450.02,0.0
2024-07-17 23:46:42+00:00,btc_mxn,1139449.98,1139450.02,0.0
2024-07-17 23:46:43+00:00,btc_mxn,1139449.98,1139450.02,0.0
2024-07-17 23:46:44+00:00,btc_mxn,1139449.98,1139450.02,0.0
2024-07-17 23:46:45+00:00,btc_mxn,1139449.98,1139450.02,0.0
2024-07-17 23:46:46+00:00,btc_mxn,1139449.98,1139450.02,0.0
2024-07-17 23:46:47+00:00,btc_mxn,1139449.98,1139450.02,0.0
2024-07-17 23:46:48+00:00,btc_mxn,1139449.98,1139450.02,0.0
2024-07-17 23:46:49+00:00,btc_mxn,1139449.98,1139450.02,0.0
2024-07-17 23:46:50+00:00,btc_mxn,1139449.98,1139450.02,0.0
2024-07-17 23:46:51+00:00,btc_mxn,1139449.98,1139450.02,0.0
2024-07-17 23:46:52+00:00,btc_mxn,1139449.98,1139450.02,0.0
2024-07-17 23:46:53+00:00,btc_mxn,1139449.98,1139450.02,0.0
2024-07-17 23:46:55+00:00,btc_mxn,1139449.98,1139450.02,0.0
2024-07-17 23:46:56+00:00,btc_mxn,1139449.98,1139450.02,0.0
2024-07-17 23:46:57+00:00,btc_mxn,1139449.98,1139450.02,0.0
2024-07-17 23:46:58+00:00,btc_mxn,1139449.98,1139450.02,0.0
2024-07-17 23:46:59+00:00,btc_mxn,1139449.98,1139450.02,0.0
2024-07-17 23:47:00+00:00,btc_mxn,1139449.98,1139450.02,0.0
2024-07-17 23:47:01+00:00,btc_mxn,1136660.0,1139370.0,0.238
2024-07-17 23:47:02+00:00,btc_mxn,1136660.0,1139340.0,0.235
2024-07-17 23:47:03+00:00,btc_mxn,1136660.0,1139340.0,0.235
2024-07-17 23:47:04+00:00,btc_mxn,1136660.0,1139340.0,0.235
2024-07-17 23:47:05+00:00,btc_mxn,1136660.0,1139340.0,0.235
2024-07-17 23:47:06+00:00,btc_mxn,1136660.0,1139340.0,0.235
2024-07-17 23:47:07+00:00,btc_mxn,1136660.0,1139340.0,0.235
2024-07-17 23:47:08+00:00,btc_mxn,1136660.0,1139340.0,0.235
2024-07-17 23:47:09+00:00,btc_mxn,1136660.0,1139340.0,0.235
2024-07-17 23:47:10+00:00,btc_mxn,1136660.0,1139340.0,0.235
2024-07-17 23:47:11+00:00,btc_mxn,1136660.0,1139340.0,0.235
2024-07-17 23:47:12+00:00,btc_mxn,1136660.0,1139340.0,0.235
2024-07-17 23:47:13+00:00,btc_mxn,1136660.0,1139340.0,0.235
2024-07-17 23:47:14+00:00,btc_mxn,1136660.0,1139340.0,0.235
2024-07-17 23:47:15+00:00,btc_mxn,1136660.0,1139340.0,0.235
2024-07-17 23:47:16+00:00,btc_mxn,1136660.0,1139340.0,0.235
2024-07-17 23:47:17+00:00,btc_mxn,1136660.0,1139340.0,0.235
2024-07-17 23:47:18+00:00,btc_mxn,1136660.0,1139340.0,0.235
2024-07-17 23:47:19+00:00,btc_mxn,1136660.0,1139340.0,0.235
2024-07-17 23:47:20+00:00,btc_mxn,1136660.0,1139340.0,0.235
2024-07-17 23:47:21+00:00,btc_mxn,1136660.0,1139340.0,0.235
2024-07-17 23:47:22+00:00,btc_mxn,1136660.0,1139340.0,0.235
2024-07-17 23:47:23+00:00,btc_mxn,1136660.0,1139340.0,0.235
2024-07-17 23:47:24+00:00,btc_mxn,1136660.0,1139340.0,0.235
2024-07-17 23:47:25+00:00,btc_mxn,1136660.0,1139340.0,0.235
2024-07-17 23:47:26+00:00,btc_mxn,1136660.0,1139340.0,0.235
2024-07-17 23:47:28+00:00,btc_mxn,1136660.0,1139340.0,0.235
2024-07-17 23:47:28+00:00,btc_mxn,1136660.0,1139340.0,0.235
2024-07-17 23:47:29+00:00,btc_mxn,1136660.0,1139340.0,0.235
2024-07-17 23:47:30+00:00,btc_mxn,1136660.0,1139340.0,0.235
2024-07-17 23:47:31+00:00,btc_mxn,1136660.0,1139340.0,0.235
2024-07-17 23:47:32+00:00,btc_mxn,1136660.0,1139340.0,0.235
2024-07-17 23:47:33+00:00,btc_mxn,1136660.0,1139340.0,0.235
2024-07-17 23:47:34+00:00,btc_mxn,1136660.0,1139340.0,0.235
2024-07-17 23:47:35+00:00,btc_mxn,1136660.0,1139340.0,0.235
2024-07-17 23:47:36+00:00,btc_mxn,1136660.0,1139340.0,0.235
2024-07-17 23:47:37+00:00,btc_mxn,1136660.0,1139340.0,0.235
2024-07-17 23:47:38+00:00,btc_mxn,1136660.0,1139340.0,0.235
2024-07-17 23:47:39+00:00,btc_mxn,1136660.0,1139340.0,0.235
2024-07-17 23:47:40+00:00,btc_mxn,1136660.0,1139340.0,0.235
2024-07-17 23:47:41+00:00,btc_mxn,1136660.0,1139340.0,0.235
2024-07-17 23:47:42+00:00,btc_mxn,1136660.0,1139340.0,0.235
2024-07-17 23:47:43+00:00,btc_mxn,1136660.0,1139340.0,0.235
2024-07-17 23:47:44+00:00,btc_mxn,1136660.0,1139340.0,0.235
2024-07-17 23:47:45+00:00,btc_mxn,1136660.0,1139340.0,0.235
2024-07-17 23:47:46+00:00,btc_mxn,1137070.0,1139340.0,0.199
2024-07-17 23:47:47+00:00,btc_mxn,1137070.0,1139340.0,0.199
2024-07-17 23:47:48+00:00,btc_mxn,1137070.0,1139340.0,0.199
2024-07-17 23:47:49+00:00,btc_mxn,1137140.0,1139340.0,0.193
2024-07-17 23:47:50+00:00,btc_mxn,1137150.0,1139340.0,0.192
2024-07-17 23:47:51+00:00,btc_mxn,1137150.0,1139340.0,0.192
2024-07-17 23:47:52+00:00,btc_mxn,1137150.0,1139340.0,0.192
2024-07-17 23:47:53+00:00,btc_mxn,1137150.0,1139340.0,0.192
2024-07-17 23:47:54+00:00,btc_mxn,1137150.0,1139340.0,0.192
2024-07-17 23:47:55+00:00,btc_mxn,1137150.0,1139340.0,0.192
2024-07-17 23:47:56+00:00,btc_mxn,1137150.0,1139340.0,0.192
2024-07-17 23:47:58+00:00,btc_mxn,1137150.0,1139340.0,0.192
2024-07-17 23:48:00+00:00,btc_mxn,1137150.0,1139340.0,0.192
2024-07-17 23:48:01+00:00,btc_mxn,1137150.0,1139340.0,0.192
2024-07-17 23:48:02+00:00,btc_mxn,1137150.0,1139340.0,0.192
2024-07-17 23:48:03+00:00,btc_mxn,1137150.0,1139340.0,0.192
2024-07-17 23:48:04+00:00,btc_mxn,1137150.0,1139340.0,0.192
2024-07-17 23:48:05+00:00,btc_mxn,1137150.0,1139340.0,0.192
2024-07-17 23:48:06+00:00,btc_mxn,1137150.0,1139340.0,0.192
2024-07-17 23:48:07+00:00,btc_mxn,1137150.0,1139340.0,0.192
2024-07-17 23:48:08+00:00,btc_mxn,1137150.0,1139340.0,0.192
2024-07-17 23:48:09+00:00,btc_mxn,1137150.0,1139340.0,0.192
2024-07-17 23:48:10+00:00,btc_mxn,1137150.0,1139340.0,0.192
2024-07-17 23:48:11+00:00,btc_mxn,1137150.0,1139340.0,0.192
2024-07-17 23:48:12+00:00,btc_mxn,1137150.0,1139340.0,0.192
2024-07-17 23:48:13+00:00,btc_mxn,1137150.0,1139340.0,0.192
2024-07-17 23:48:14+00:00,btc_mxn,1137150.0,1139340.0,0.192
2024-07-17 23:48:15+00:00,btc_mxn,1137150.0,1139340.0,0.192
2024-07-17 23:48:16+00:00,btc_mxn,1137150.0,1139340.0,0.192
2024-07-17 23:48:17+00:00,btc_mxn,1137150.0,1139340.0,0.192
2024-07-17 23:48:18+00:00,btc_mxn,1137150.0,1139340.0,0.192
2024-07-17 23:48:19+00:00,btc_mxn,1137150.0,1139340.0,0.192
2024-07-17 23:48:20+00:00,btc_mxn,1137150.0,1139340.0,0.192
2024-07-17 23:48:21+00:00,btc_mxn,1137150.0,1139340.0,0.192
2024-07-17 23:48:22+00:00,btc_mxn,1137150.0,1139340.0,0.192
2024-07-17 23:48:23+00:00,btc_mxn,1137150.0,1139340.0,0.192
2024-07-17 23:48:24+00:00,btc_mxn,1137150.0,1139340.0,0.192
2024-07-17 23:48:25+00:00,btc_mxn,1137150.0,1139340.0,0.192
2024-07-17 23:48:26+00:00,btc_mxn,1137150.0,1139340.0,0.192
2024-07-17 23:48:27+00:00,btc_mxn,1137150.0,1139340.0,0.192
2024-07-17 23:48:28+00:00,btc_mxn,1137150.0,1139340.0,0.192
2024-07-17 23:48:29+00:00,btc_mxn,1137150.0,1139340.0,0.192
2024-07-17 23:48:30+00:00,btc_mxn,1137150.0,1139340.0,0.192
2024-07-17 23:48:31+00:00,btc_mxn,1137150.0,1139340.0,0.192
2024-07-17 23:48:32+00:00,btc_mxn,1137150.0,1139340.0,0.192
2024-07-17 23:48:33+00:00,btc_mxn,1137150.0,1139340.0,0.192
2024-07-17 23:48:34+00:00,btc_mxn,1137150.0,1139340.0,0.192
2024-07-17 23:48:35+00:00,btc_mxn,1137150.0,1139340.0,0.192
2024-07-17 23:48:36+00:00,btc_mxn,1137150.0,1139340.0,0.192
2024-07-17 23:48:37+00:00,btc_mxn,1137150.0,1139340.0,0.192
2024-07-17 23:48:38+00:00,btc_mxn,1137150.0,1139340.0,0.192
2024-07-17 23:48:39+00:00,btc_mxn,1137150.0,1139340.0,0.192
2024-07-17 23:48:40+00:00,btc_mxn,1137150.0,1139340.0,0.192
2024-07-17 23:48:41+00:00,btc_mxn,1137150.0,1139340.0,0.192
2024-07-17 23:48:42+00:00,btc_mxn,1137150.0,1139340.0,0.192
2024-07-17 23:48:43+00:00,btc_mxn,1137150.0,1139340.0,0.192
2024-07-17 23:48:44+00:00,btc_mxn,1137150.0,1139340.0,0.192
2024-07-17 23:48:45+00:00,btc_mxn,1137150.0,1139340.0,0.192
2024-07-17 23:48:46+00:00,btc_mxn,1137150.0,1139340.0,0.192
2024-07-17 23:48:47+00:00,btc_mxn,1137150.0,1139340.0,0.192
2024-07-17 23:48:48+00:00,btc_mxn,1137150.0,1139340.0,0.192
2024-07-17 23:48:49+00:00,btc_mxn,1137150.0,1139340.0,0.192
2024-07-17 23:48:50+00:00,btc_mxn,1137150.0,1139340.0,0.192
2024-07-17 23:48:52+00:00,btc_mxn,1137150.0,1139340.0,0.192
2024-07-17 23:48:53+00:00,btc_mxn,1137150.0,1139340.0,0.192
2024-07-17 23:48:54+00:00,btc_mxn,1137150.0,1139340.0,0.192
2024-07-17 23:48:55+00:00,btc_mxn,1137150.0,1139340.0,0.192
2024-07-17 23:48:56+00:00,btc_mxn,1137150.0,1139340.0,0.192
2024-07-17 23:48:57+00:00,btc_mxn,1137150.0,1139340.0,0.192
2024-07-17 23:48:58+00:00,btc_mxn,1137150.0,1139340.0,0.192
2024-07-17 23:48:59+00:00,btc_mxn,1137150.0,1139340.0,0.192
2024-07-17 23:49:00+00:00,btc_mxn,1137150.0,1139340.0,0.192
2024-07-17 23:49:01+00:00,btc_mxn,1137150.0,1139340.0,0.192
2024-07-17 23:49:02+00:00,btc_mxn,1137150.0,1139340.0,0.192
2024-07-17 23:49:03+00:00,btc_mxn,1137150.0,1139340.0,0.192
2024-07-17 23:49:04+00:00,btc_mxn,1137150.0,1139340.0,0.192
2024-07-17 23:49:05+00:00,btc_mxn,1137150.0,1139340.0,0.192
2024-07-17 23:49:06+00:00,btc_mxn,1137150.0,1139340.0,0.192
2024-07-17 23:49:07+00:00,btc_mxn,1137150.0,1139340.0,0.192
2024-07-17 23:49:08+00:00,btc_mxn,1137150.0,1139340.0,0.192
2024-07-17 23:49:09+00:00,btc_mxn,1137150.0,1139340.0,0.192
2024-07-17 23:49:10+00:00,btc_mxn,1137150.0,1139340.0,0.192
2024-07-17 23:49:11+00:00,btc_mxn,1137150.0,1139340.0,0.192
2024-07-17 23:49:12+00:00,btc_mxn,1137150.0,1139340.0,0.192
2024-07-17 23:49:13+00:00,btc_mxn,1137150.0,1139340.0,0.192
2024-07-17 23:49:14+00:00,btc_mxn,1137150.0,1139340.0,0.192
2024-07-17 23:49:15+00:00,btc_mxn,1137150.0,1139340.0,0.192
2024-07-17 23:49:16+00:00,btc_mxn,1137150.0,1139340.0,0.192
2024-07-17 23:49:17+00:00,btc_mxn,1137150.0,1139340.0,0.192
2024-07-17 23:49:18+00:00,btc_mxn,1137150.0,1139340.0,0.192
2024-07-17 23:49:19+00:00,btc_mxn,1137150.0,1139340.0,0.192
2024-07-17 23:49:20+00:00,btc_mxn,1137150.0,1139340.0,0.192
2024-07-17 23:49:21+00:00,btc_mxn,1137150.0,1139340.0,0.192
2024-07-17 23:49:22+00:00,btc_mxn,1137150.0,1139340.0,0.192
2024-07-17 23:49:23+00:00,btc_mxn,1137150.0,1139340.0,0.192
2024-07-17 23:49:24+00:00,btc_mxn,1137150.0,1139340.0,0.192
2024-07-17 23:49:25+00:00,btc_mxn,1137150.0,1139340.0,0.192
2024-07-17 23:49:26+00:00,btc_mxn,1137150.0,1139340.0,0.192
2024-07-17 23:49:27+00:00,btc_mxn,1137150.0,1139340.0,0.192
2024-07-17 23:49:28+00:00,btc_mxn,1137150.0,1139340.0,0.192
2024-07-17 23:49:29+00:00,btc_mxn,1137150.0,1139340.0,0.192
2024-07-17 23:49:30+00:00,btc_mxn,1137150.0,1139340.0,0.192
2024-07-17 23:49:31+00:00,btc_mxn,1137150.0,1139340.0,0.192
2024-07-17 23:49:32+00:00,btc_mxn,1137150.0,1139340.0,0.192
2024-07-17 23:49:33+00:00,btc_mxn,1137150.0,1139340.0,0.192
2024-07-17 23:49:34+00:00,btc_mxn,1137150.0,1139340.0,0.192
2024-07-17 23:49:35+00:00,btc_mxn,1137150.0,1139340.0,0.192
2024-07-17 23:49:36+00:00,btc_mxn,1137150.0,1139260.0,0.185
2024-07-17 23:49:37+00:00,btc_mxn,1137150.0,1139230.0,0.183
2024-07-17 23:49:38+00:00,btc_mxn,1137150.0,1139200.0,0.18
2024-07-17 23:49:39+00:00,btc_mxn,1137150.0,1139170.0,0.177
2024-07-17 23:49:40+00:00,btc_mxn,1137140.0,1139340.0,0.193
2024-07-17 23:49:41+00:00,btc_mxn,1137140.0,1139310.0,0.19
2024-07-17 23:49:42+00:00,btc_mxn,1137140.0,1139270.0,0.187
2024-07-17 23:49:43+00:00,btc_mxn,1137140.0,1139270.0,0.187
2024-07-17 23:49:44+00:00,btc_mxn,1137040.0,1139270.0,0.196
2024-07-17 23:49:45+00:00,btc_mxn,1137040.0,1139270.0,0.196
2024-07-17 23:49:46+00:00,btc_mxn,1137040.0,1139240.0,0.193
2024-07-17 23:49:47+00:00,btc_mxn,1137040.0,1139240.0,0.193
2024-07-17 23:49:48+00:00,btc_mxn,1137040.0,1139230.0,0.192
2024-07-17 23:49:49+00:00,btc_mxn,1137040.0,1139160.0,0.186
2024-07-17 23:49:50+00:00,btc_mxn,1137040.0,1139130.0,0.183
2024-07-17 23:49:51+00:00,btc_mxn,1136660.0,1139140.0,0.218
2024-07-17 23:49:52+00:00,btc_mxn,1136660.0,1139140.0,0.218
2024-07-17 23:49:53+00:00,btc_mxn,1136660.0,1139070.0,0.212
2024-07-17 23:49:54+00:00,btc_mxn,1136120.0,1139060.0,0.258
2024-07-17 23:49:55+00:00,btc_mxn,1136120.0,1139060.0,0.258
2024-07-17 23:49:56+00:00,btc_mxn,1136120.0,1139060.0,0.258
2024-07-17 23:49:57+00:00,btc_mxn,1136120.0,1139060.0,0.258
2024-07-17 23:49:58+00:00,btc_mxn,1136120.0,1139060.0,0.258
2024-07-17 23:49:59+00:00,btc_mxn,1136120.0,1139060.0,0.258
2024-07-17 23:50:00+00:00,btc_mxn,1136120.0,1139060.0,0.258
2024-07-17 23:50:01+00:00,btc_mxn,1136120.0,1139060.0,0.258
2024-07-17 23:50:02+00:00,btc_mxn,1136120.0,1139060.0,0.258
2024-07-17 23:50:03+00:00,btc_mxn,1136120.0,1139060.0,0.258
2024-07-17 23:50:04+00:00,btc_mxn,1136120.0,1139060.0,0.258
2024-07-17 23:50:05+00:00,btc_mxn,1136120.0,1139060.0,0.258
2024-07-17 23:50:07+00:00,btc_mxn,1136120.0,1139060.0,0.258
2024-07-17 23:50:08+00:00,btc_mxn,1136120.0,1139060.0,0.258
2024-07-17 23:50:09+00:00,btc_mxn,1136120.0,1139060.0,0.258
2024-07-17 23:50:10+00:00,btc_mxn,1136120.0,1139060.0,0.258
2024-07-17 23:50:11+00:00,btc_mxn,1136120.0,1139060.0,0.258
2024-07-17 23:50:12+00:00,btc_mxn,1136120.0,1139060.0,0.258
2024-07-17 23:50:13+00:00,btc_mxn,1136120.0,1139060.0,0.258
2024-07-17 23:50:14+00:00,btc_mxn,1136120.0,1139060.0,0.258
2024-07-17 23:50:15+00:00,btc_mxn,1136120.0,1139060.0,0.258
2024-07-17 23:50:16+00:00,btc_mxn,1136120.0,1139060.0,0.258
2024-07-17 23:50:17+00:00,btc_mxn,1136120.0,1139060.0,0.258
2024-07-17 23:50:18+00:00,btc_mxn,1136120.0,1139060.0,0.258
2024-07-17 23:50:19+00:00,btc_mxn,1136120.0,1139060.0,0.258
2024-07-17 23:50:20+00:00,btc_mxn,1136120.0,1139060.0,0.258
2024-07-17 23:50:21+00:00,btc_mxn,1136120.0,1139060.0,0.258
2024-07-17 23:50:22+00:00,btc_mxn,1136120.0,1139060.0,0.258
2024-07-17 23:50:23+00:00,btc_mxn,1136120.0,1139060.0,0.258
2024-07-17 23:50:24+00:00,btc_mxn,1136120.0,1139060.0,0.258
2024-07-17 23:50:25+00:00,btc_mxn,1136120.0,1139060.0,0.258
2024-07-17 23:50:26+00:00,btc_mxn,1136120.0,1139060.0,0.258
2024-07-17 23:50:27+00:00,btc_mxn,1136120.0,1139060.0,0.258
2024-07-17 23:50:28+00:00,btc_mxn,1136120.0,1139060.0,0.258
2024-07-17 23:50:29+00:00,btc_mxn,1136120.0,1139060.0,0.258
2024-07-17 23:50:30+00:00,btc_mxn,1136120.0,1139060.0,0.258
2024-07-17 23:50:31+00:00,btc_mxn,1136120.0,1139060.0,0.258
2024-07-17 23:50:32+00:00,btc_mxn,1136120.0,1139060.0,0.258
2024-07-17 23:50:33+00:00,btc_mxn,1136120.0,1139060.0,0.258
2024-07-17 23:50:34+00:00,btc_mxn,1136120.0,1139060.0,0.258
2024-07-17 23:50:35+00:00,btc_mxn,1136120.0,1139060.0,0.258
2024-07-17 23:50:36+00:00,btc_mxn,1136120.0,1139060.0,0.258
2024-07-17 23:50:37+00:00,btc_mxn,1136120.0,1139060.0,0.258
2024-07-17 23:50:38+00:00,btc_mxn,1136120.0,1139060.0,0.258
2024-07-17 23:50:39+00:00,btc_mxn,1136120.0,1139060.0,0.258
2024-07-17 23:50:40+00:00,btc_mxn,1136120.0,1139060.0,0.258
2024-07-17 23:50:41+00:00,btc_mxn,1136120.0,1139060.0,0.258
2024-07-17 23:50:42+00:00,btc_mxn,1137050.0,1138030.0,0.086
2024-07-17 23:50:43+00:00,btc_mxn,1020770.0,1138030.0,10.304
2024-07-17 23:50:44+00:00,btc_mxn,1139219.98,1139220.02,0.0
2024-07-17 23:50:46+00:00,btc_mxn,1139219.98,1139220.02,0.0
2024-07-17 23:50:46+00:00,btc_mxn,1139219.98,1139220.02,0.0
2024-07-17 23:50:48+00:00,btc_mxn,1139219.98,1139220.02,0.0
2024-07-17 23:50:49+00:00,btc_mxn,1139219.98,1139220.02,0.0
2024-07-17 23:50:50+00:00,btc_mxn,1139219.98,1139220.02,0.0
2024-07-17 23:50:51+00:00,btc_mxn,1139219.98,1139220.02,0.0
2024-07-17 23:50:52+00:00,btc_mxn,1139219.98,1139220.02,0.0
2024-07-17 23:50:53+00:00,btc_mxn,1139219.98,1139220.02,0.0
2024-07-17 23:50:54+00:00,btc_mxn,1139219.98,1139220.02,0.0
2024-07-17 23:50:55+00:00,btc_mxn,1139219.98,1139220.02,0.0
2024-07-17 23:50:56+00:00,btc_mxn,1139219.98,1139220.02,0.0
2024-07-17 23:50:57+00:00,btc_mxn,1139219.98,1139220.02,0.0
2024-07-17 23:50:58+00:00,btc_mxn,1139219.98,1139220.02,0.0
2024-07-17 23:50:59+00:00,btc_mxn,1139219.98,1139220.02,0.0
2024-07-17 23:51:00+00:00,btc_mxn,1139219.98,1139220.02,0.0
2024-07-17 23:51:01+00:00,btc_mxn,1139219.98,1139220.02,0.0
2024-07-17 23:51:02+00:00,btc_mxn,1139219.98,1139220.02,0.0
2024-07-17 23:51:04+00:00,btc_mxn,1139219.98,1139220.02,0.0
2024-07-17 23:51:04+00:00,btc_mxn,1139219.98,1139220.02,0.0
2024-07-17 23:51:05+00:00,btc_mxn,1139219.98,1139220.02,0.0
2024-07-17 23:51:06+00:00,btc_mxn,1139219.98,1139220.02,0.0
2024-07-17 23:51:07+00:00,btc_mxn,1139219.98,1139220.02,0.0
2024-07-17 23:51:08+00:00,btc_mxn,1139219.98,1139220.02,0.0
2024-07-17 23:51:09+00:00,btc_mxn,1139219.98,1139220.02,0.0
2024-07-17 23:51:10+00:00,btc_mxn,1139219.98,1139220.02,0.0
2024-07-17 23:51:11+00:00,btc_mxn,1139219.98,1139220.02,0.0
2024-07-17 23:51:12+00:00,btc_mxn,1139219.98,1139220.02,0.0
2024-07-17 23:51:13+00:00,btc_mxn,1139219.98,1139220.02,0.0
2024-07-17 23:51:14+00:00,btc_mxn,1139219.98,1139220.02,0.0
2024-07-17 23:51:15+00:00,btc_mxn,1139219.98,1139220.02,0.0
2024-07-17 23:51:16+00:00,btc_mxn,1139219.98,1139220.02,0.0
2024-07-17 23:51:17+00:00,btc_mxn,1139219.98,1139220.02,0.0
2024-07-17 23:51:18+00:00,btc_mxn,1139219.98,1139220.02,0.0
2024-07-17 23:51:19+00:00,btc_mxn,1139219.98,1139220.02,0.0
2024-07-17 23:51:20+00:00,btc_mxn,1139219.98,1139220.02,0.0
2024-07-17 23:51:21+00:00,btc_mxn,1139219.98,1139220.02,0.0
2024-07-17 23:51:22+00:00,btc_mxn,1139219.98,1139220.02,0.0
2024-07-17 23:51:23+00:00,btc_mxn,1139219.98,1139220.02,0.0
2024-07-17 23:51:24+00:00,btc_mxn,1139219.98,1139220.02,0.0
2024-07-17 23:51:25+00:00,btc_mxn,1139219.98,1139220.02,0.0
2024-07-17 23:51:26+00:00,btc_mxn,1139219.98,1139220.02,0.0
2024-07-17 23:51:27+00:00,btc_mxn,1139219.98,1139220.02,0.0
2024-07-17 23:51:28+00:00,btc_mxn,1139219.98,1139220.02,0.0
2024-07-17 23:51:29+00:00,btc_mxn,1139219.98,1139220.02,0.0
2024-07-17 23:51:30+00:00,btc_mxn,1139219.98,1139220.02,0.0
2024-07-17 23:51:31+00:00,btc_mxn,1139219.98,1139220.02,0.0
2024-07-17 23:51:33+00:00,btc_mxn,1139219.98,1139220.02,0.0
2024-07-17 23:51:34+00:00,btc_mxn,1139219.98,1139220.02,0.0
2024-07-17 23:51:35+00:00,btc_mxn,1139219.98,1139220.02,0.0
2024-07-17 23:51:36+00:00,btc_mxn,1139219.98,1139220.02,0.0
2024-07-17 23:51:37+00:00,btc_mxn,1139219.98,1139220.02,0.0
2024-07-17 23:51:38+00:00,btc_mxn,1139219.98,1139220.02,0.0
2024-07-17 23:51:39+00:00,btc_mxn,1139219.98,1139220.02,0.0
2024-07-17 23:51:40+00:00,btc_mxn,1139219.98,1139220.02,0.0
2024-07-17 23:51:41+00:00,btc_mxn,1139219.98,1139220.02,0.0
2024-07-17 23:51:42+00:00,btc_mxn,1139219.98,1139220.02,0.0
2024-07-17 23:51:43+00:00,btc_mxn,1139219.98,1139220.02,0.0
2024-07-17 23:51:44+00:00,btc_mxn,1139219.98,1139220.02,0.0
2024-07-17 23:51:45+00:00,btc_mxn,1139219.98,1139220.02,0.0
2024-07-17 23:51:46+00:00,btc_mxn,1139219.98,1139220.02,0.0
2024-07-17 23:51:47+00:00,btc_mxn,1139219.98,1139220.02,0.0
2024-07-17 23:51:48+00:00,btc_mxn,1139219.98,1139220.02,0.0
2024-07-17 23:51:49+00:00,btc_mxn,1139219.98,1139220.02,0.0
2024-07-17 23:51:50+00:00,btc_mxn,1139219.98,1139220.02,0.0
2024-07-17 23:51:51+00:00,btc_mxn,1139219.98,1139220.02,0.0
2024-07-17 23:51:52+00:00,btc_mxn,1139219.98,1139220.02,0.0
2024-07-17 23:51:53+00:00,btc_mxn,1139219.98,1139220.02,0.0
2024-07-17 23:51:54+00:00,btc_mxn,1139219.98,1139220.02,0.0
2024-07-17 23:51:55+00:00,btc_mxn,1139219.98,1139220.02,0.0
2024-07-17 23:51:56+00:00,btc_mxn,1139219.98,1139220.02,0.0
2024-07-17 23:51:57+00:00,btc_mxn,1139219.98,1139220.02,0.0
2024-07-17 23:51:58+00:00,btc_mxn,1139219.98,1139220.02,0.0
2024-07-17 23:51:59+00:00,btc_mxn,1139219.98,1139220.02,0.0
2024-07-17 23:52:00+00:00,btc_mxn,1137040.0,1138990.0,0.171
2024-07-17 23:52:01+00:00,btc_mxn,1137040.0,1138990.0,0.171
2024-07-17 23:52:02+00:00,btc_mxn,1137040.0,1138990.0,0.171
2024-07-17 23:52:03+00:00,btc_mxn,1137040.0,1138990.0,0.171
2024-07-17 23:52:04+00:00,btc_mxn,1137040.0,1138990.0,0.171
2024-07-17 23:52:05+00:00,btc_mxn,1137040.0,1138990.0,0.171
2024-07-17 23:52:06+00:00,btc_mxn,1137040.0,1138990.0,0.171
2024-07-17 23:52:07+00:00,btc_mxn,1137040.0,1138990.0,0.171
2024-07-17 23:52:08+00:00,btc_mxn,1137040.0,1138990.0,0.171
2024-07-17 23:52:09+00:00,btc_mxn,1137040.0,1138990.0,0.171
2024-07-17 23:52:10+00:00,btc_mxn,1137040.0,1138990.0,0.171
2024-07-17 23:52:11+00:00,btc_mxn,1137040.0,1138990.0,0.171
2024-07-17 23:52:12+00:00,btc_mxn,1137040.0,1138990.0,0.171
2024-07-17 23:52:13+00:00,btc_mxn,1137040.0,1138990.0,0.171
2024-07-17 23:52:14+00:00,btc_mxn,1137040.0,1138990.0,0.171
2024-07-17 23:52:15+00:00,btc_mxn,1137040.0,1138990.0,0.171
2024-07-17 23:52:16+00:00,btc_mxn,1137040.0,1138990.0,0.171
2024-07-17 23:52:17+00:00,btc_mxn,1137040.0,1138990.0,0.171
2024-07-17 23:52:18+00:00,btc_mxn,1137040.0,1138990.0,0.171
2024-07-17 23:52:19+00:00,btc_mxn,1137040.0,1138990.0,0.171
2024-07-17 23:52:20+00:00,btc_mxn,1137040.0,1138990.0,0.171
2024-07-17 23:52:21+00:00,btc_mxn,1137040.0,1138990.0,0.171
2024-07-17 23:52:23+00:00,btc_mxn,1137040.0,1138990.0,0.171
2024-07-17 23:52:23+00:00,btc_mxn,1137040.0,1138990.0,0.171
2024-07-17 23:52:25+00:00,btc_mxn,1137040.0,1138990.0,0.171
2024-07-17 23:52:25+00:00,btc_mxn,1137040.0,1138990.0,0.171
2024-07-17 23:52:27+00:00,btc_mxn,1137040.0,1138990.0,0.171
2024-07-17 23:52:28+00:00,btc_mxn,1137040.0,1138990.0,0.171
2024-07-17 23:52:29+00:00,btc_mxn,1137040.0,1138990.0,0.171
2024-07-17 23:52:30+00:00,btc_mxn,1137040.0,1138990.0,0.171
2024-07-17 23:52:31+00:00,btc_mxn,1137040.0,1138990.0,0.171
2024-07-17 23:52:32+00:00,btc_mxn,1137040.0,1138990.0,0.171
2024-07-17 23:52:33+00:00,btc_mxn,1137040.0,1138990.0,0.171
2024-07-17 23:52:34+00:00,btc_mxn,1137040.0,1138990.0,0.171
2024-07-17 23:52:35+00:00,btc_mxn,1137040.0,1138990.0,0.171
2024-07-17 23:52:36+00:00,btc_mxn,1137040.0,1138440.0,0.123
2024-07-17 23:52:37+00:00,btc_mxn,1137040.0,1138420.0,0.121
2024-07-17 23:52:38+00:00,btc_mxn,1137060.0,1138360.0,0.114
2024-07-17 23:52:39+00:00,btc_mxn,1137040.0,1138300.0,0.111
2024-07-17 23:52:40+00:00,btc_mxn,1136570.0,1138260.0,0.148
2024-07-17 23:52:41+00:00,btc_mxn,1136570.0,1138200.0,0.143
2024-07-17 23:52:42+00:00,btc_mxn,1020770.0,1138200.0,10.317
2024-07-17 23:52:43+00:00,btc_mxn,1020770.0,1138200.0,10.317
2024-07-17 23:52:44+00:00,btc_mxn,1020770.0,1138110.0,10.31
2024-07-17 23:52:45+00:00,btc_mxn,1020770.0,1138110.0,10.31
2024-07-17 23:52:46+00:00,btc_mxn,1020770.0,1138110.0,10.31
2024-07-17 23:52:47+00:00,btc_mxn,1020770.0,1138110.0,10.31
2024-07-17 23:52:49+00:00,btc_mxn,1020770.0,1138110.0,10.31
2024-07-17 23:52:50+00:00,btc_mxn,1020770.0,1138110.0,10.31
2024-07-17 23:52:51+00:00,btc_mxn,1137070.0,1138110.0,0.091
2024-07-17 23:52:52+00:00,btc_mxn,1020770.0,1138110.0,10.31
2024-07-17 23:52:53+00:00,btc_mxn,1020770.0,1138110.0,10.31
2024-07-17 23:52:54+00:00,btc_mxn,1020770.0,1138200.0,10.317
2024-07-17 23:52:55+00:00,btc_mxn,1020770.0,1138200.0,10.317
2024-07-17 23:52:56+00:00,btc_mxn,1020770.0,1138200.0,10.317
2024-07-17 23:52:57+00:00,btc_mxn,1020770.0,1138200.0,10.317
2024-07-17 23:52:58+00:00,btc_mxn,1020770.0,1138200.0,10.317
2024-07-17 23:53:00+00:00,btc_mxn,1020770.0,1138200.0,10.317
2024-07-17 23:53:01+00:00,btc_mxn,1020770.0,1138200.0,10.317
2024-07-17 23:53:02+00:00,btc_mxn,1020770.0,1138200.0,10.317
2024-07-17 23:53:03+00:00,btc_mxn,1020770.0,1138200.0,10.317
2024-07-17 23:53:04+00:00,btc_mxn,1020770.0,1138200.0,10.317
2024-07-17 23:53:05+00:00,btc_mxn,1020770.0,1138200.0,10.317
2024-07-17 23:53:06+00:00,btc_mxn,1020770.0,1138200.0,10.317
2024-07-17 23:53:07+00:00,btc_mxn,1020770.0,1138200.0,10.317
2024-07-17 23:53:08+00:00,btc_mxn,1020770.0,1138200.0,10.317
2024-07-17 23:53:09+00:00,btc_mxn,1020770.0,1138200.0,10.317
2024-07-17 23:53:10+00:00,btc_mxn,1020770.0,1138200.0,10.317
2024-07-17 23:53:11+00:00,btc_mxn,1020770.0,1138200.0,10.317
2024-07-17 23:53:12+00:00,btc_mxn,1020770.0,1138200.0,10.317
2024-07-17 23:53:13+00:00,btc_mxn,1020770.0,1138200.0,10.317
2024-07-17 23:53:14+00:00,btc_mxn,1020770.0,1138200.0,10.317
2024-07-17 23:53:15+00:00,btc_mxn,1020770.0,1138200.0,10.317
2024-07-17 23:53:16+00:00,btc_mxn,1020770.0,1138200.0,10.317
2024-07-17 23:53:17+00:00,btc_mxn,1020770.0,1138200.0,10.317
2024-07-17 23:53:18+00:00,btc_mxn,1020770.0,1138200.0,10.317
2024-07-17 23:53:19+00:00,btc_mxn,1020770.0,1138200.0,10.317
2024-07-17 23:53:20+00:00,btc_mxn,1020770.0,1138200.0,10.317
2024-07-17 23:53:21+00:00,btc_mxn,1020770.0,1138200.0,10.317
2024-07-17 23:53:22+00:00,btc_mxn,1020770.0,1138200.0,10.317
2024-07-17 23:53:23+00:00,btc_mxn,1020770.0,1138200.0,10.317
2024-07-17 23:53:24+00:00,btc_mxn,1020770.0,1138200.0,10.317
2024-07-17 23:53:26+00:00,btc_mxn,1020770.0,1138200.0,10.317
2024-07-17 23:53:26+00:00,btc_mxn,1020770.0,1138200.0,10.317
2024-07-17 23:53:27+00:00,btc_mxn,1020770.0,1138200.0,10.317
2024-07-17 23:53:28+00:00,btc_mxn,1020770.0,1138200.0,10.317
2024-07-17 23:53:29+00:00,btc_mxn,1020770.0,1138200.0,10.317
2024-07-17 23:53:30+00:00,btc_mxn,1020770.0,1138200.0,10.317
2024-07-17 23:53:32+00:00,btc_mxn,1020770.0,1138200.0,10.317
2024-07-17 23:53:33+00:00,btc_mxn,1020770.0,1138200.0,10.317
2024-07-17 23:53:34+00:00,btc_mxn,1020770.0,1138200.0,10.317
2024-07-17 23:53:35+00:00,btc_mxn,1020770.0,1138200.0,10.317
2024-07-17 23:53:36+00:00,btc_mxn,1020770.0,1138200.0,10.317
2024-07-17 23:53:37+00:00,btc_mxn,1020770.0,1138050.0,10.305
2024-07-17 23:53:38+00:00,btc_mxn,1020770.0,1138050.0,10.305
2024-07-17 23:53:39+00:00,btc_mxn,1020770.0,1138050.0,10.305
2024-07-17 23:53:40+00:00,btc_mxn,1020770.0,1138050.0,10.305
2024-07-17 23:53:41+00:00,btc_mxn,1020770.0,1138050.0,10.305
2024-07-17 23:53:42+00:00,btc_mxn,1020770.0,1138050.0,10.305
2024-07-17 23:53:43+00:00,btc_mxn,1020770.0,1138050.0,10.305
2024-07-17 23:53:44+00:00,btc_mxn,1020770.0,1138050.0,10.305
2024-07-17 23:53:45+00:00,btc_mxn,1020770.0,1138050.0,10.305
2024-07-17 23:53:46+00:00,btc_mxn,1020770.0,1138050.0,10.305
2024-07-17 23:53:47+00:00,btc_mxn,1020770.0,1138050.0,10.305
2024-07-17 23:53:48+00:00,btc_mxn,1020770.0,1138050.0,10.305
2024-07-17 23:53:49+00:00,btc_mxn,1020770.0,1138050.0,10.305
2024-07-17 23:53:50+00:00,btc_mxn,1020770.0,1138050.0,10.305
2024-07-17 23:53:51+00:00,btc_mxn,1020770.0,1138050.0,10.305
2024-07-17 23:53:52+00:00,btc_mxn,1020770.0,1138050.0,10.305
2024-07-17 23:53:53+00:00,btc_mxn,1020770.0,1138050.0,10.305
2024-07-17 23:53:55+00:00,btc_mxn,1020770.0,1138050.0,10.305
2024-07-17 23:53:56+00:00,btc_mxn,1020770.0,1138050.0,10.305
2024-07-17 23:53:57+00:00,btc_mxn,1132060.0,1138050.0,0.526
2024-07-17 23:53:58+00:00,btc_mxn,1132060.0,1138050.0,0.526
2024-07-17 23:53:59+00:00,btc_mxn,1132060.0,1138050.0,0.526
2024-07-17 23:54:00+00:00,btc_mxn,1132060.0,1138050.0,0.526
2024-07-17 23:54:01+00:00,btc_mxn,1136110.0,1138050.0,0.17
2024-07-17 23:54:02+00:00,btc_mxn,1136110.0,1138050.0,0.17
2024-07-17 23:54:03+00:00,btc_mxn,1136110.0,1138050.0,0.17
2024-07-17 23:54:04+00:00,btc_mxn,1136110.0,1138050.0,0.17
2024-07-17 23:54:05+00:00,btc_mxn,1136110.0,1138050.0,0.17
2024-07-17 23:54:07+00:00,btc_mxn,1136110.0,1138050.0,0.17
2024-07-17 23:54:08+00:00,btc_mxn,1136110.0,1138050.0,0.17
2024-07-17 23:54:09+00:00,btc_mxn,1136110.0,1138050.0,0.17
2024-07-17 23:54:10+00:00,btc_mxn,1136110.0,1138050.0,0.17
2024-07-17 23:54:11+00:00,btc_mxn,1136110.0,1138050.0,0.17
2024-07-17 23:54:12+00:00,btc_mxn,1136110.0,1138050.0,0.17
2024-07-17 23:54:13+00:00,btc_mxn,1136110.0,1138050.0,0.17
2024-07-17 23:54:14+00:00,btc_mxn,1136110.0,1138050.0,0.17
2024-07-17 23:54:15+00:00,btc_mxn,1136110.0,1138050.0,0.17
2024-07-17 23:54:16+00:00,btc_mxn,1136110.0,1138050.0,0.17
2024-07-17 23:54:17+00:00,btc_mxn,1136110.0,1138050.0,0.17
2024-07-17 23:54:18+00:00,btc_mxn,1136110.0,1138050.0,0.17
2024-07-17 23:54:19+00:00,btc_mxn,1136110.0,1138050.0,0.17
2024-07-17 23:54:20+00:00,btc_mxn,1136110.0,1138050.0,0.17
2024-07-17 23:54:21+00:00,btc_mxn,1136110.0,1138050.0,0.17
2024-07-17 23:54:22+00:00,btc_mxn,1136110.0,1138050.0,0.17
2024-07-17 23:54:23+00:00,btc_mxn,1136110.0,1138050.0,0.17
2024-07-17 23:54:24+00:00,btc_mxn,1136110.0,1138050.0,0.17
2024-07-17 23:54:25+00:00,btc_mxn,1136110.0,1138050.0,0.17
2024-07-17 23:54:26+00:00,btc_mxn,1136110.0,1138050.0,0.17
2024-07-17 23:54:27+00:00,btc_mxn,1136110.0,1138050.0,0.17
2024-07-17 23:54:28+00:00,btc_mxn,1136110.0,1138050.0,0.17
2024-07-17 23:54:29+00:00,btc_mxn,1136110.0,1138050.0,0.17
2024-07-17 23:54:30+00:00,btc_mxn,1136110.0,1138050.0,0.17
2024-07-17 23:54:31+00:00,btc_mxn,1136110.0,1138050.0,0.17
2024-07-17 23:54:32+00:00,btc_mxn,1136110.0,1138050.0,0.17
2024-07-17 23:54:33+00:00,btc_mxn,1136110.0,1138050.0,0.17
2024-07-17 23:54:34+00:00,btc_mxn,1136110.0,1138050.0,0.17
2024-07-17 23:54:35+00:00,btc_mxn,1136110.0,1138050.0,0.17
2024-07-17 23:54:36+00:00,btc_mxn,1136110.0,1138050.0,0.17
2024-07-17 23:54:37+00:00,btc_mxn,1136110.0,1137920.0,0.159
2024-07-17 23:54:38+00:00,btc_mxn,1136110.0,1137880.0,0.156
2024-07-17 23:54:40+00:00,btc_mxn,1132060.0,1137830.0,0.507
2024-07-17 23:54:40+00:00,btc_mxn,1132060.0,1137790.0,0.504
2024-07-17 23:54:41+00:00,btc_mxn,1132060.0,1137790.0,0.504
2024-07-17 23:54:42+00:00,btc_mxn,1132060.0,1137790.0,0.504
2024-07-17 23:54:43+00:00,btc_mxn,1132060.0,1137790.0,0.504
2024-07-17 23:54:44+00:00,btc_mxn,1132060.0,1137790.0,0.504
2024-07-17 23:54:46+00:00,btc_mxn,1132060.0,1137790.0,0.504
2024-07-17 23:54:47+00:00,btc_mxn,1132060.0,1137790.0,0.504
2024-07-17 23:54:48+00:00,btc_mxn,1135960.0,1137790.0,0.161
2024-07-17 23:54:49+00:00,btc_mxn,1135960.0,1137790.0,0.161
2024-07-17 23:54:50+00:00,btc_mxn,1135960.0,1137880.0,0.169
2024-07-17 23:54:51+00:00,btc_mxn,1135960.0,1137880.0,0.169
2024-07-17 23:54:52+00:00,btc_mxn,1135960.0,1137880.0,0.169
2024-07-17 23:54:53+00:00,btc_mxn,1135960.0,1137880.0,0.169
2024-07-17 23:54:54+00:00,btc_mxn,1135960.0,1137880.0,0.169
2024-07-17 23:54:55+00:00,btc_mxn,1136240.0,1137880.0,0.144
2024-07-17 23:54:56+00:00,btc_mxn,1136240.0,1137880.0,0.144
2024-07-17 23:54:57+00:00,btc_mxn,1136240.0,1137880.0,0.144
2024-07-17 23:54:58+00:00,btc_mxn,1136240.0,1137880.0,0.144
2024-07-17 23:54:59+00:00,btc_mxn,1136240.0,1137880.0,0.144
2024-07-17 23:55:00+00:00,btc_mxn,1136240.0,1137880.0,0.144
2024-07-17 23:55:01+00:00,btc_mxn,1136240.0,1137880.0,0.144
2024-07-17 23:55:02+00:00,btc_mxn,1136240.0,1137880.0,0.144
2024-07-17 23:55:03+00:00,btc_mxn,1136240.0,1137880.0,0.144
2024-07-17 23:55:04+00:00,btc_mxn,1136240.0,1137880.0,0.144
2024-07-17 23:55:05+00:00,btc_mxn,1136240.0,1137880.0,0.144
2024-07-17 23:55:06+00:00,btc_mxn,1136240.0,1137880.0,0.144
2024-07-17 23:55:08+00:00,btc_mxn,1136240.0,1137880.0,0.144
2024-07-17 23:55:09+00:00,btc_mxn,1136240.0,1137880.0,0.144
2024-07-17 23:55:10+00:00,btc_mxn,1136240.0,1137880.0,0.144
2024-07-17 23:55:11+00:00,btc_mxn,1136240.0,1137880.0,0.144
2024-07-17 23:55:12+00:00,btc_mxn,1136240.0,1137880.0,0.144
2024-07-17 23:55:13+00:00,btc_mxn,1136240.0,1137880.0,0.144
2024-07-17 23:55:14+00:00,btc_mxn,1136240.0,1137880.0,0.144
2024-07-17 23:55:15+00:00,btc_mxn,1136240.0,1137880.0,0.144
2024-07-17 23:55:16+00:00,btc_mxn,1136240.0,1137880.0,0.144
2024-07-17 23:55:17+00:00,btc_mxn,1136240.0,1137880.0,0.144
2024-07-17 23:55:18+00:00,btc_mxn,1136240.0,1137880.0,0.144
2024-07-17 23:55:19+00:00,btc_mxn,1136240.0,1137880.0,0.144
2024-07-17 23:55:20+00:00,btc_mxn,1136240.0,1137880.0,0.144
2024-07-17 23:55:21+00:00,btc_mxn,1136240.0,1137880.0,0.144
2024-07-17 23:55:22+00:00,btc_mxn,1136240.0,1137880.0,0.144
2024-07-17 23:55:23+00:00,btc_mxn,1136240.0,1137880.0,0.144
2024-07-17 23:55:24+00:00,btc_mxn,1136240.0,1137880.0,0.144
2024-07-17 23:55:25+00:00,btc_mxn,1136240.0,1137880.0,0.144
2024-07-17 23:55:26+00:00,btc_mxn,1136240.0,1137880.0,0.144
2024-07-17 23:55:27+00:00,btc_mxn,1136240.0,1137880.0,0.144
2024-07-17 23:55:28+00:00,btc_mxn,1136240.0,1137880.0,0.144
2024-07-17 23:55:29+00:00,btc_mxn,1136240.0,1137880.0,0.144
2024-07-17 23:55:30+00:00,btc_mxn,1136240.0,1137880.0,0.144
2024-07-17 23:55:31+00:00,btc_mxn,1136240.0,1137880.0,0.144
2024-07-17 23:55:32+00:00,btc_mxn,1136240.0,1137880.0,0.144
2024-07-17 23:55:33+00:00,btc_mxn,1136240.0,1137880.0,0.144
2024-07-17 23:55:34+00:00,btc_mxn,1136240.0,1137880.0,0.144
2024-07-17 23:55:35+00:00,btc_mxn,1136240.0,1137880.0,0.144
2024-07-17 23:55:36+00:00,btc_mxn,1020770.0,1137520.0,10.264
2024-07-17 23:55:37+00:00,btc_mxn,1020770.0,1137710.0,10.279
2024-07-17 23:55:38+00:00,btc_mxn,1136240.0,1137390.0,0.101
2024-07-17 23:55:40+00:00,btc_mxn,1136240.0,1137340.0,0.097
2024-07-17 23:55:40+00:00,btc_mxn,1136240.0,1137340.0,0.097
2024-07-17 23:55:42+00:00,btc_mxn,1136240.0,1137340.0,0.097
2024-07-17 23:55:43+00:00,btc_mxn,1136240.0,1137340.0,0.097
2024-07-17 23:55:44+00:00,btc_mxn,1136240.0,1137340.0,0.097
2024-07-17 23:55:45+00:00,btc_mxn,1136240.0,1137340.0,0.097
2024-07-17 23:55:46+00:00,btc_mxn,1136599.98,1136600.02,0.0
2024-07-17 23:55:47+00:00,btc_mxn,1136599.98,1136600.02,0.0
2024-07-17 23:55:49+00:00,btc_mxn,1136599.98,1136600.02,0.0
2024-07-17 23:55:50+00:00,btc_mxn,1136599.98,1136600.02,0.0
2024-07-17 23:55:51+00:00,btc_mxn,1136599.98,1136600.02,0.0
2024-07-17 23:55:52+00:00,btc_mxn,1136599.98,1136600.02,0.0
2024-07-17 23:55:53+00:00,btc_mxn,1136599.98,1136600.02,0.0
2024-07-17 23:55:54+00:00,btc_mxn,1136599.98,1136600.02,0.0
2024-07-17 23:55:55+00:00,btc_mxn,1136599.98,1136600.02,0.0
2024-07-17 23:55:56+00:00,btc_mxn,1136599.98,1136600.02,0.0
2024-07-17 23:55:57+00:00,btc_mxn,1136599.98,1136600.02,0.0
2024-07-17 23:55:58+00:00,btc_mxn,1136599.98,1136600.02,0.0
2024-07-17 23:55:59+00:00,btc_mxn,1136599.98,1136600.02,0.0
2024-07-17 23:56:00+00:00,btc_mxn,1136599.98,1136600.02,0.0
2024-07-17 23:56:01+00:00,btc_mxn,1136599.98,1136600.02,0.0
2024-07-17 23:56:02+00:00,btc_mxn,1136599.98,1136600.02,0.0
