orderbook_timestamp,book,bid,ask,spread
2024-07-18 14:43:01+00:00,btc_mxn,1143599.98,1143600.02,0.0
2024-07-18 14:43:02+00:00,btc_mxn,1143599.98,1143600.02,0.0
2024-07-18 14:43:03+00:00,btc_mxn,1143599.98,1143600.02,0.0
2024-07-18 14:43:04+00:00,btc_mxn,1143599.98,1143600.02,0.0
2024-07-18 14:43:05+00:00,btc_mxn,1143599.98,1143600.02,0.0
2024-07-18 14:43:06+00:00,btc_mxn,1141230.0,1142890.0,0.145
2024-07-18 14:43:07+00:00,btc_mxn,1141230.0,1142870.0,0.143
2024-07-18 14:43:08+00:00,btc_mxn,1141230.0,1142870.0,0.143
2024-07-18 14:43:09+00:00,btc_mxn,1141230.0,1142870.0,0.143
2024-07-18 14:43:10+00:00,btc_mxn,1141230.0,1142790.0,0.137
2024-07-18 14:43:11+00:00,btc_mxn,1141230.0,1142790.0,0.137
2024-07-18 14:43:12+00:00,btc_mxn,1141230.0,1142770.0,0.135
2024-07-18 14:43:13+00:00,btc_mxn,1141230.0,1142890.0,0.145
2024-07-18 14:43:14+00:00,btc_mxn,1141230.0,1142890.0,0.145
2024-07-18 14:43:15+00:00,btc_mxn,1141230.0,1142890.0,0.145
2024-07-18 14:43:16+00:00,btc_mxn,1141230.0,1142880.0,0.144
2024-07-18 14:43:17+00:00,btc_mxn,1141230.0,1142880.0,0.144
2024-07-18 14:43:18+00:00,btc_mxn,1141230.0,1142830.0,0.14
2024-07-18 14:43:19+00:00,btc_mxn,1141230.0,1142830.0,0.14
2024-07-18 14:43:20+00:00,btc_mxn,1141230.0,1142830.0,0.14
2024-07-18 14:43:21+00:00,btc_mxn,1140600.0,1142830.0,0.195
2024-07-18 14:43:22+00:00,btc_mxn,1140600.0,1142830.0,0.195
2024-07-18 14:43:23+00:00,btc_mxn,1140600.0,1142830.0,0.195
2024-07-18 14:43:24+00:00,btc_mxn,1140600.0,1142830.0,0.195
2024-07-18 14:43:25+00:00,btc_mxn,1140600.0,1142830.0,0.195
2024-07-18 14:43:26+00:00,btc_mxn,1140600.0,1142830.0,0.195
2024-07-18 14:43:27+00:00,btc_mxn,1140600.0,1142830.0,0.195
2024-07-18 14:43:28+00:00,btc_mxn,1140600.0,1142830.0,0.195
2024-07-18 14:43:29+00:00,btc_mxn,1140600.0,1142830.0,0.195
2024-07-18 14:43:30+00:00,btc_mxn,1140600.0,1142830.0,0.195
2024-07-18 14:43:31+00:00,btc_mxn,1140600.0,1142830.0,0.195
2024-07-18 14:43:32+00:00,btc_mxn,1140600.0,1142830.0,0.195
2024-07-18 14:43:33+00:00,btc_mxn,1140600.0,1142830.0,0.195
2024-07-18 14:43:34+00:00,btc_mxn,1140600.0,1142830.0,0.195
2024-07-18 14:43:35+00:00,btc_mxn,1140600.0,1142830.0,0.195
2024-07-18 14:43:36+00:00,btc_mxn,1140600.0,1142830.0,0.195
2024-07-18 14:43:37+00:00,btc_mxn,1140600.0,1142830.0,0.195
2024-07-18 14:43:38+00:00,btc_mxn,1140600.0,1142830.0,0.195
2024-07-18 14:43:39+00:00,btc_mxn,1140600.0,1142830.0,0.195
2024-07-18 14:43:40+00:00,btc_mxn,1140600.0,1142830.0,0.195
2024-07-18 14:43:41+00:00,btc_mxn,1140600.0,1142830.0,0.195
2024-07-18 14:43:42+00:00,btc_mxn,1140600.0,1142830.0,0.195
2024-07-18 14:43:43+00:00,btc_mxn,1140600.0,1142830.0,0.195
2024-07-18 14:43:44+00:00,btc_mxn,1140600.0,1142830.0,0.195
2024-07-18 14:43:45+00:00,btc_mxn,1140600.0,1142830.0,0.195
2024-07-18 14:43:46+00:00,btc_mxn,1140600.0,1142830.0,0.195
2024-07-18 14:43:47+00:00,btc_mxn,1140600.0,1142830.0,0.195
2024-07-18 14:43:48+00:00,btc_mxn,1140600.0,1142830.0,0.195
2024-07-18 14:43:49+00:00,btc_mxn,1140600.0,1142830.0,0.195
2024-07-18 14:43:50+00:00,btc_mxn,1140600.0,1142830.0,0.195
2024-07-18 14:43:51+00:00,btc_mxn,1140600.0,1142830.0,0.195
2024-07-18 14:43:52+00:00,btc_mxn,1140600.0,1142830.0,0.195
2024-07-18 14:43:53+00:00,btc_mxn,1140600.0,1142830.0,0.195
2024-07-18 14:43:54+00:00,btc_mxn,1140600.0,1142830.0,0.195
2024-07-18 14:43:56+00:00,btc_mxn,1140600.0,1142830.0,0.195
2024-07-18 14:43:56+00:00,btc_mxn,1140600.0,1142830.0,0.195
2024-07-18 14:43:58+00:00,btc_mxn,1140600.0,1142830.0,0.195
2024-07-18 14:43:59+00:00,btc_mxn,1140600.0,1142830.0,0.195
2024-07-18 14:44:00+00:00,btc_mxn,1140600.0,1142830.0,0.195
2024-07-18 14:44:01+00:00,btc_mxn,1140460.0,1140690.0,0.02
2024-07-18 14:44:02+00:00,btc_mxn,1140460.0,1140700.0,0.021
2024-07-18 14:44:03+00:00,btc_mxn,1140460.0,1140690.0,0.02
2024-07-18 14:44:04+00:00,btc_mxn,1140460.0,1140670.0,0.018
2024-07-18 14:44:05+00:00,btc_mxn,1140460.0,1140640.0,0.016
2024-07-18 14:44:06+00:00,btc_mxn,1140460.0,1140640.0,0.016
2024-07-18 14:44:07+00:00,btc_mxn,1140460.0,1140640.0,0.016
2024-07-18 14:44:08+00:00,btc_mxn,1140460.0,1140640.0,0.016
2024-07-18 14:44:09+00:00,btc_mxn,1140460.0,1140640.0,0.016
2024-07-18 14:44:10+00:00,btc_mxn,1140460.0,1140640.0,0.016
2024-07-18 14:44:11+00:00,btc_mxn,1140460.0,1140640.0,0.016
2024-07-18 14:44:12+00:00,btc_mxn,1140460.0,1140640.0,0.016
2024-07-18 14:44:13+00:00,btc_mxn,1140460.0,1140640.0,0.016
2024-07-18 14:44:14+00:00,btc_mxn,1140460.0,1140640.0,0.016
2024-07-18 14:44:15+00:00,btc_mxn,1140460.0,1140640.0,0.016
2024-07-18 14:44:16+00:00,btc_mxn,1140460.0,1140640.0,0.016
2024-07-18 14:44:17+00:00,btc_mxn,1140460.0,1140640.0,0.016
2024-07-18 14:44:18+00:00,btc_mxn,1140460.0,1140640.0,0.016
2024-07-18 14:44:19+00:00,btc_mxn,1140460.0,1140640.0,0.016
2024-07-18 14:44:20+00:00,btc_mxn,1140460.0,1140640.0,0.016
2024-07-18 14:44:21+00:00,btc_mxn,1140460.0,1140640.0,0.016
2024-07-18 14:44:22+00:00,btc_mxn,1140460.0,1140640.0,0.016
2024-07-18 14:44:23+00:00,btc_mxn,1140460.0,1140640.0,0.016
2024-07-18 14:44:24+00:00,btc_mxn,1140460.0,1140640.0,0.016
2024-07-18 14:44:25+00:00,btc_mxn,1140460.0,1140640.0,0.016
2024-07-18 14:44:26+00:00,btc_mxn,1140460.0,1140640.0,0.016
2024-07-18 14:44:27+00:00,btc_mxn,1140460.0,1140640.0,0.016
2024-07-18 14:44:28+00:00,btc_mxn,1140460.0,1140640.0,0.016
2024-07-18 14:44:29+00:00,btc_mxn,1140460.0,1140640.0,0.016
2024-07-18 14:44:30+00:00,btc_mxn,1140460.0,1140640.0,0.016
2024-07-18 14:44:31+00:00,btc_mxn,1140460.0,1140640.0,0.016
2024-07-18 14:44:32+00:00,btc_mxn,1140460.0,1140640.0,0.016
2024-07-18 14:44:33+00:00,btc_mxn,1140460.0,1140640.0,0.016
2024-07-18 14:44:34+00:00,btc_mxn,1140460.0,1140640.0,0.016
2024-07-18 14:44:35+00:00,btc_mxn,1140460.0,1140640.0,0.016
2024-07-18 14:44:36+00:00,btc_mxn,1140460.0,1140640.0,0.016
2024-07-18 14:44:37+00:00,btc_mxn,1140460.0,1140640.0,0.016
2024-07-18 14:44:38+00:00,btc_mxn,1140460.0,1140640.0,0.016
2024-07-18 14:44:39+00:00,btc_mxn,1140460.0,1140640.0,0.016
2024-07-18 14:44:40+00:00,btc_mxn,1140460.0,1140640.0,0.016
2024-07-18 14:44:41+00:00,btc_mxn,1140460.0,1140640.0,0.016
2024-07-18 14:44:42+00:00,btc_mxn,1140460.0,1140640.0,0.016
2024-07-18 14:44:43+00:00,btc_mxn,1140460.0,1140640.0,0.016
2024-07-18 14:44:45+00:00,btc_mxn,1140460.0,1140640.0,0.016
2024-07-18 14:44:46+00:00,btc_mxn,1140460.0,1140640.0,0.016
2024-07-18 14:44:47+00:00,btc_mxn,1140460.0,1140640.0,0.016
2024-07-18 14:44:48+00:00,btc_mxn,1140460.0,1140640.0,0.016
2024-07-18 14:44:49+00:00,btc_mxn,1140460.0,1140640.0,0.016
2024-07-18 14:44:50+00:00,btc_mxn,1140460.0,1140640.0,0.016
2024-07-18 14:44:51+00:00,btc_mxn,1140460.0,1140640.0,0.016
2024-07-18 14:44:52+00:00,btc_mxn,1140460.0,1140640.0,0.016
2024-07-18 14:44:53+00:00,btc_mxn,1140460.0,1140640.0,0.016
2024-07-18 14:44:54+00:00,btc_mxn,1140460.0,1140640.0,0.016
2024-07-18 14:44:55+00:00,btc_mxn,1140460.0,1140640.0,0.016
2024-07-18 14:44:56+00:00,btc_mxn,1140460.0,1140640.0,0.016
2024-07-18 14:44:57+00:00,btc_mxn,1140460.0,1140640.0,0.016
2024-07-18 14:44:58+00:00,btc_mxn,1140460.0,1140640.0,0.016
2024-07-18 14:44:59+00:00,btc_mxn,1140460.0,1140640.0,0.016
2024-07-18 14:45:00+00:00,btc_mxn,1140460.0,1140640.0,0.016
2024-07-18 14:45:01+00:00,btc_mxn,1140460.0,1140640.0,0.016
2024-07-18 14:45:02+00:00,btc_mxn,1140460.0,1140670.0,0.018
2024-07-18 14:45:03+00:00,btc_mxn,1140460.0,1140670.0,0.018
2024-07-18 14:45:04+00:00,btc_mxn,1140460.0,1140670.0,0.018
2024-07-18 14:45:05+00:00,btc_mxn,1140460.0,1140670.0,0.018
2024-07-18 14:45:06+00:00,btc_mxn,1140460.0,1140670.0,0.018
2024-07-18 14:45:07+00:00,btc_mxn,1140460.0,1140670.0,0.018
2024-07-18 14:45:08+00:00,btc_mxn,1140460.0,1140670.0,0.018
2024-07-18 14:45:09+00:00,btc_mxn,1140460.0,1140670.0,0.018
2024-07-18 14:45:10+00:00,btc_mxn,1140460.0,1140670.0,0.018
2024-07-18 14:45:11+00:00,btc_mxn,1140460.0,1140670.0,0.018
2024-07-18 14:45:12+00:00,btc_mxn,1140460.0,1140670.0,0.018
2024-07-18 14:45:13+00:00,btc_mxn,1140460.0,1140670.0,0.018
2024-07-18 14:45:14+00:00,btc_mxn,1140460.0,1140670.0,0.018
2024-07-18 14:45:15+00:00,btc_mxn,1140460.0,1140670.0,0.018
2024-07-18 14:45:16+00:00,btc_mxn,1140460.0,1140670.0,0.018
2024-07-18 14:45:17+00:00,btc_mxn,1140460.0,1140670.0,0.018
2024-07-18 14:45:18+00:00,btc_mxn,1140460.0,1140670.0,0.018
2024-07-18 14:45:19+00:00,btc_mxn,1140460.0,1140670.0,0.018
2024-07-18 14:45:20+00:00,btc_mxn,1140460.0,1140670.0,0.018
2024-07-18 14:45:21+00:00,btc_mxn,1140460.0,1140670.0,0.018
2024-07-18 14:45:22+00:00,btc_mxn,1140460.0,1140670.0,0.018
2024-07-18 14:45:23+00:00,btc_mxn,1140460.0,1140670.0,0.018
2024-07-18 14:45:24+00:00,btc_mxn,1140460.0,1140670.0,0.018
2024-07-18 14:45:25+00:00,btc_mxn,1140460.0,1140670.0,0.018
2024-07-18 14:45:26+00:00,btc_mxn,1140460.0,1140670.0,0.018
2024-07-18 14:45:27+00:00,btc_mxn,1140460.0,1140670.0,0.018
2024-07-18 14:45:28+00:00,btc_mxn,1140460.0,1140670.0,0.018
2024-07-18 14:45:29+00:00,btc_mxn,1140460.0,1140670.0,0.018
2024-07-18 14:45:30+00:00,btc_mxn,1140460.0,1140670.0,0.018
2024-07-18 14:45:31+00:00,btc_mxn,1140460.0,1140670.0,0.018
2024-07-18 14:45:32+00:00,btc_mxn,1140460.0,1140670.0,0.018
2024-07-18 14:45:33+00:00,btc_mxn,1140460.0,1140670.0,0.018
2024-07-18 14:45:34+00:00,btc_mxn,1140460.0,1140670.0,0.018
2024-07-18 14:45:35+00:00,btc_mxn,1140460.0,1140670.0,0.018
2024-07-18 14:45:36+00:00,btc_mxn,1140460.0,1140670.0,0.018
2024-07-18 14:45:37+00:00,btc_mxn,1140460.0,1140670.0,0.018
2024-07-18 14:45:38+00:00,btc_mxn,1140460.0,1140670.0,0.018
2024-07-18 14:45:39+00:00,btc_mxn,1140460.0,1140670.0,0.018
2024-07-18 14:45:40+00:00,btc_mxn,1140460.0,1140670.0,0.018
2024-07-18 14:45:42+00:00,btc_mxn,1140460.0,1140670.0,0.018
2024-07-18 14:45:43+00:00,btc_mxn,1140460.0,1140670.0,0.018
2024-07-18 14:45:43+00:00,btc_mxn,1140460.0,1140670.0,0.018
2024-07-18 14:45:45+00:00,btc_mxn,1140460.0,1140670.0,0.018
2024-07-18 14:45:46+00:00,btc_mxn,1140460.0,1140670.0,0.018
2024-07-18 14:45:47+00:00,btc_mxn,1140460.0,1140670.0,0.018
2024-07-18 14:45:48+00:00,btc_mxn,1140460.0,1140670.0,0.018
2024-07-18 14:45:49+00:00,btc_mxn,1140460.0,1140670.0,0.018
2024-07-18 14:45:50+00:00,btc_mxn,1140460.0,1140670.0,0.018
2024-07-18 14:45:51+00:00,btc_mxn,1140460.0,1140670.0,0.018
2024-07-18 14:45:52+00:00,btc_mxn,1140460.0,1140670.0,0.018
2024-07-18 14:45:53+00:00,btc_mxn,1140460.0,1140670.0,0.018
2024-07-18 14:45:54+00:00,btc_mxn,1140460.0,1140670.0,0.018
2024-07-18 14:45:55+00:00,btc_mxn,1140460.0,1140670.0,0.018
2024-07-18 14:45:56+00:00,btc_mxn,1140460.0,1140670.0,0.018
2024-07-18 14:45:57+00:00,btc_mxn,1140460.0,1140670.0,0.018
2024-07-18 14:45:58+00:00,btc_mxn,1140460.0,1140670.0,0.018
2024-07-18 14:45:59+00:00,btc_mxn,1140460.0,1140670.0,0.018
2024-07-18 14:46:00+00:00,btc_mxn,1140460.0,1140670.0,0.018
2024-07-18 14:46:01+00:00,btc_mxn,1140460.0,1140670.0,0.018
2024-07-18 14:46:02+00:00,btc_mxn,1140460.0,1140670.0,0.018
2024-07-18 14:46:03+00:00,btc_mxn,1140460.0,1140670.0,0.018
2024-07-18 14:46:04+00:00,btc_mxn,1140460.0,1140670.0,0.018
2024-07-18 14:46:05+00:00,btc_mxn,1140460.0,1140670.0,0.018
2024-07-18 14:46:06+00:00,btc_mxn,1140460.0,1140670.0,0.018
2024-07-18 14:46:07+00:00,btc_mxn,1140460.0,1140670.0,0.018
2024-07-18 14:46:08+00:00,btc_mxn,1140059.98,1140060.02,0.0
2024-07-18 14:46:09+00:00,btc_mxn,1140059.98,1140060.02,0.0
2024-07-18 14:46:10+00:00,btc_mxn,1140059.98,1140060.02,0.0
2024-07-18 14:46:11+00:00,btc_mxn,1140059.98,1140060.02,0.0
2024-07-18 14:46:12+00:00,btc_mxn,1140059.98,1140060.02,0.0
2024-07-18 14:46:13+00:00,btc_mxn,1140059.98,1140060.02,0.0
2024-07-18 14:46:14+00:00,btc_mxn,1140059.98,1140060.02,0.0
2024-07-18 14:46:15+00:00,btc_mxn,1140059.98,1140060.02,0.0
2024-07-18 14:46:16+00:00,btc_mxn,1140059.98,1140060.02,0.0
2024-07-18 14:46:17+00:00,btc_mxn,1140059.98,1140060.02,0.0
2024-07-18 14:46:18+00:00,btc_mxn,1140059.98,1140060.02,0.0
2024-07-18 14:46:19+00:00,btc_mxn,1140059.98,1140060.02,0.0
2024-07-18 14:46:20+00:00,btc_mxn,1140059.98,1140060.02,0.0
2024-07-18 14:46:21+00:00,btc_mxn,1140059.98,1140060.02,0.0
2024-07-18 14:46:22+00:00,btc_mxn,1140059.98,1140060.02,0.0
2024-07-18 14:46:23+00:00,btc_mxn,1140059.98,1140060.02,0.0
2024-07-18 14:46:24+00:00,btc_mxn,1140059.98,1140060.02,0.0
2024-07-18 14:46:25+00:00,btc_mxn,1140059.98,1140060.02,0.0
2024-07-18 14:46:26+00:00,btc_mxn,1140059.98,1140060.02,0.0
2024-07-18 14:46:27+00:00,btc_mxn,1140059.98,1140060.02,0.0
2024-07-18 14:46:28+00:00,btc_mxn,1140059.98,1140060.02,0.0
2024-07-18 14:46:29+00:00,btc_mxn,1140059.98,1140060.02,0.0
2024-07-18 14:46:30+00:00,btc_mxn,1140059.98,1140060.02,0.0
2024-07-18 14:46:31+00:00,btc_mxn,1140059.98,1140060.02,0.0
2024-07-18 14:46:32+00:00,btc_mxn,1140059.98,1140060.02,0.0
2024-07-18 14:46:33+00:00,btc_mxn,1140059.98,1140060.02,0.0
2024-07-18 14:46:34+00:00,btc_mxn,1140059.98,1140060.02,0.0
2024-07-18 14:46:35+00:00,btc_mxn,1140059.98,1140060.02,0.0
2024-07-18 14:46:36+00:00,btc_mxn,1140059.98,1140060.02,0.0
2024-07-18 14:46:37+00:00,btc_mxn,1140059.98,1140060.02,0.0
2024-07-18 14:46:38+00:00,btc_mxn,1140059.98,1140060.02,0.0
2024-07-18 14:46:40+00:00,btc_mxn,1140059.98,1140060.02,0.0
2024-07-18 14:46:41+00:00,btc_mxn,1140059.98,1140060.02,0.0
2024-07-18 14:46:42+00:00,btc_mxn,1140059.98,1140060.02,0.0
2024-07-18 14:46:43+00:00,btc_mxn,1140059.98,1140060.02,0.0
2024-07-18 14:46:44+00:00,btc_mxn,1140059.98,1140060.02,0.0
2024-07-18 14:46:45+00:00,btc_mxn,1140059.98,1140060.02,0.0
2024-07-18 14:46:46+00:00,btc_mxn,1140059.98,1140060.02,0.0
2024-07-18 14:46:47+00:00,btc_mxn,1140059.98,1140060.02,0.0
2024-07-18 14:46:48+00:00,btc_mxn,1140059.98,1140060.02,0.0
2024-07-18 14:46:49+00:00,btc_mxn,1140059.98,1140060.02,0.0
2024-07-18 14:46:50+00:00,btc_mxn,1140059.98,1140060.02,0.0
2024-07-18 14:46:51+00:00,btc_mxn,1140059.98,1140060.02,0.0
2024-07-18 14:46:52+00:00,btc_mxn,1140059.98,1140060.02,0.0
2024-07-18 14:46:53+00:00,btc_mxn,1140059.98,1140060.02,0.0
2024-07-18 14:46:54+00:00,btc_mxn,1140059.98,1140060.02,0.0
2024-07-18 14:46:55+00:00,btc_mxn,1140059.98,1140060.02,0.0
2024-07-18 14:46:56+00:00,btc_mxn,1140059.98,1140060.02,0.0
2024-07-18 14:46:57+00:00,btc_mxn,1140059.98,1140060.02,0.0
2024-07-18 14:46:58+00:00,btc_mxn,1140059.98,1140060.02,0.0
2024-07-18 14:46:59+00:00,btc_mxn,1140059.98,1140060.02,0.0
2024-07-18 14:47:00+00:00,btc_mxn,1140059.98,1140060.02,0.0
2024-07-18 14:47:01+00:00,btc_mxn,1140059.98,1140060.02,0.0
2024-07-18 14:47:02+00:00,btc_mxn,1140059.98,1140060.02,0.0
2024-07-18 14:47:03+00:00,btc_mxn,1140059.98,1140060.02,0.0
2024-07-18 14:47:04+00:00,btc_mxn,1140059.98,1140060.02,0.0
2024-07-18 14:47:05+00:00,btc_mxn,1140059.98,1140060.02,0.0
2024-07-18 14:47:06+00:00,btc_mxn,1140059.98,1140060.02,0.0
2024-07-18 14:47:07+00:00,btc_mxn,1140059.98,1140060.02,0.0
2024-07-18 14:47:08+00:00,btc_mxn,1140059.98,1140060.02,0.0
2024-07-18 14:47:09+00:00,btc_mxn,1140059.98,1140060.02,0.0
2024-07-18 14:47:10+00:00,btc_mxn,1140059.98,1140060.02,0.0
2024-07-18 14:47:11+00:00,btc_mxn,1140059.98,1140060.02,0.0
2024-07-18 14:47:12+00:00,btc_mxn,1140059.98,1140060.02,0.0
2024-07-18 14:47:13+00:00,btc_mxn,1140059.98,1140060.02,0.0
2024-07-18 14:47:14+00:00,btc_mxn,1140059.98,1140060.02,0.0
2024-07-18 14:47:15+00:00,btc_mxn,1140059.98,1140060.02,0.0
2024-07-18 14:47:16+00:00,btc_mxn,1140059.98,1140060.02,0.0
2024-07-18 14:47:17+00:00,btc_mxn,1140059.98,1140060.02,0.0
2024-07-18 14:47:18+00:00,btc_mxn,1140059.98,1140060.02,0.0
2024-07-18 14:47:19+00:00,btc_mxn,1140059.98,1140060.02,0.0
2024-07-18 14:47:20+00:00,btc_mxn,1140059.98,1140060.02,0.0
2024-07-18 14:47:21+00:00,btc_mxn,1140059.98,1140060.02,0.0
2024-07-18 14:47:22+00:00,btc_mxn,1140059.98,1140060.02,0.0
2024-07-18 14:47:23+00:00,btc_mxn,1140059.98,1140060.02,0.0
2024-07-18 14:47:24+00:00,btc_mxn,1140059.98,1140060.02,0.0
2024-07-18 14:47:25+00:00,btc_mxn,1140059.98,1140060.02,0.0
2024-07-18 14:47:26+00:00,btc_mxn,1140059.98,1140060.02,0.0
2024-07-18 14:47:27+00:00,btc_mxn,1140059.98,1140060.02,0.0
2024-07-18 14:47:28+00:00,btc_mxn,1140059.98,1140060.02,0.0
2024-07-18 14:47:29+00:00,btc_mxn,1140059.98,1140060.02,0.0
2024-07-18 14:47:30+00:00,btc_mxn,1140059.98,1140060.02,0.0
2024-07-18 14:47:31+00:00,btc_mxn,1140059.98,1140060.02,0.0
2024-07-18 14:47:32+00:00,btc_mxn,1140059.98,1140060.02,0.0
2024-07-18 14:47:33+00:00,btc_mxn,1140059.98,1140060.02,0.0
2024-07-18 14:47:34+00:00,btc_mxn,1140059.98,1140060.02,0.0
2024-07-18 14:47:35+00:00,btc_mxn,1140059.98,1140060.02,0.0
2024-07-18 14:47:36+00:00,btc_mxn,1140059.98,1140060.02,0.0
2024-07-18 14:47:37+00:00,btc_mxn,1140059.98,1140060.02,0.0
2024-07-18 14:47:38+00:00,btc_mxn,1140059.98,1140060.02,0.0
2024-07-18 14:47:39+00:00,btc_mxn,1140059.98,1140060.02,0.0
2024-07-18 14:47:40+00:00,btc_mxn,1140059.98,1140060.02,0.0
2024-07-18 14:47:41+00:00,btc_mxn,1140059.98,1140060.02,0.0
2024-07-18 14:47:42+00:00,btc_mxn,1140059.98,1140060.02,0.0
2024-07-18 14:47:44+00:00,btc_mxn,1140059.98,1140060.02,0.0
2024-07-18 14:47:45+00:00,btc_mxn,1140059.98,1140060.02,0.0
2024-07-18 14:47:46+00:00,btc_mxn,1140059.98,1140060.02,0.0
2024-07-18 14:47:47+00:00,btc_mxn,1140059.98,1140060.02,0.0
2024-07-18 14:47:48+00:00,btc_mxn,1140059.98,1140060.02,0.0
2024-07-18 14:47:49+00:00,btc_mxn,1140059.98,1140060.02,0.0
2024-07-18 14:47:50+00:00,btc_mxn,1140059.98,1140060.02,0.0
2024-07-18 14:47:51+00:00,btc_mxn,1140059.98,1140060.02,0.0
2024-07-18 14:47:52+00:00,btc_mxn,1140059.98,1140060.02,0.0
2024-07-18 14:47:53+00:00,btc_mxn,1140059.98,1140060.02,0.0
2024-07-18 14:47:54+00:00,btc_mxn,1140059.98,1140060.02,0.0
2024-07-18 14:47:55+00:00,btc_mxn,1140059.98,1140060.02,0.0
2024-07-18 14:47:56+00:00,btc_mxn,1140059.98,1140060.02,0.0
2024-07-18 14:47:57+00:00,btc_mxn,1140059.98,1140060.02,0.0
2024-07-18 14:47:58+00:00,btc_mxn,1140059.98,1140060.02,0.0
2024-07-18 14:47:59+00:00,btc_mxn,1140059.98,1140060.02,0.0
2024-07-18 14:48:00+00:00,btc_mxn,1140059.98,1140060.02,0.0
2024-07-18 14:48:01+00:00,btc_mxn,1140059.98,1140060.02,0.0
2024-07-18 14:48:02+00:00,btc_mxn,1140059.98,1140060.02,0.0
2024-07-18 14:48:03+00:00,btc_mxn,1140059.98,1140060.02,0.0
2024-07-18 14:48:04+00:00,btc_mxn,1140059.98,1140060.02,0.0
2024-07-18 14:48:05+00:00,btc_mxn,1140059.98,1140060.02,0.0
2024-07-18 14:48:06+00:00,btc_mxn,1140059.98,1140060.02,0.0
2024-07-18 14:48:07+00:00,btc_mxn,1140059.98,1140060.02,0.0
2024-07-18 14:48:08+00:00,btc_mxn,1140059.98,1140060.02,0.0
2024-07-18 14:48:09+00:00,btc_mxn,1140059.98,1140060.02,0.0
2024-07-18 14:48:10+00:00,btc_mxn,1140059.98,1140060.02,0.0
2024-07-18 14:48:11+00:00,btc_mxn,1140059.98,1140060.02,0.0
2024-07-18 14:48:12+00:00,btc_mxn,1140059.98,1140060.02,0.0
2024-07-18 14:48:13+00:00,btc_mxn,1140059.98,1140060.02,0.0
2024-07-18 14:48:14+00:00,btc_mxn,1140059.98,1140060.02,0.0
2024-07-18 14:48:15+00:00,btc_mxn,1140059.98,1140060.02,0.0
2024-07-18 14:48:16+00:00,btc_mxn,1140059.98,1140060.02,0.0
2024-07-18 14:48:17+00:00,btc_mxn,1140059.98,1140060.02,0.0
2024-07-18 14:48:18+00:00,btc_mxn,1140059.98,1140060.02,0.0
2024-07-18 14:48:19+00:00,btc_mxn,1140059.98,1140060.02,0.0
2024-07-18 14:48:20+00:00,btc_mxn,1140059.98,1140060.02,0.0
2024-07-18 14:48:21+00:00,btc_mxn,1140059.98,1140060.02,0.0
2024-07-18 14:48:22+00:00,btc_mxn,1140059.98,1140060.02,0.0
2024-07-18 14:48:23+00:00,btc_mxn,1140059.98,1140060.02,0.0
2024-07-18 14:48:24+00:00,btc_mxn,1140059.98,1140060.02,0.0
2024-07-18 14:48:25+00:00,btc_mxn,1140059.98,1140060.02,0.0
2024-07-18 14:48:26+00:00,btc_mxn,1140059.98,1140060.02,0.0
2024-07-18 14:48:27+00:00,btc_mxn,1140059.98,1140060.02,0.0
2024-07-18 14:48:28+00:00,btc_mxn,1140059.98,1140060.02,0.0
2024-07-18 14:48:29+00:00,btc_mxn,1140059.98,1140060.02,0.0
2024-07-18 14:48:30+00:00,btc_mxn,1140059.98,1140060.02,0.0
2024-07-18 14:48:31+00:00,btc_mxn,1140059.98,1140060.02,0.0
2024-07-18 14:48:32+00:00,btc_mxn,1140059.98,1140060.02,0.0
2024-07-18 14:48:33+00:00,btc_mxn,1140059.98,1140060.02,0.0
2024-07-18 14:48:34+00:00,btc_mxn,1140059.98,1140060.02,0.0
2024-07-18 14:48:35+00:00,btc_mxn,1140059.98,1140060.02,0.0
2024-07-18 14:48:36+00:00,btc_mxn,1140059.98,1140060.02,0.0
2024-07-18 14:48:37+00:00,btc_mxn,1140059.98,1140060.02,0.0
2024-07-18 14:48:38+00:00,btc_mxn,1140059.98,1140060.02,0.0
2024-07-18 14:48:39+00:00,btc_mxn,1140059.98,1140060.02,0.0
2024-07-18 14:48:40+00:00,btc_mxn,1140059.98,1140060.02,0.0
2024-07-18 14:48:42+00:00,btc_mxn,1140059.98,1140060.02,0.0
2024-07-18 14:48:43+00:00,btc_mxn,1140059.98,1140060.02,0.0
2024-07-18 14:48:44+00:00,btc_mxn,1140059.98,1140060.02,0.0
2024-07-18 14:48:45+00:00,btc_mxn,1140059.98,1140060.02,0.0
2024-07-18 14:48:46+00:00,btc_mxn,1140059.98,1140060.02,0.0
2024-07-18 14:48:47+00:00,btc_mxn,1140059.98,1140060.02,0.0
2024-07-18 14:48:48+00:00,btc_mxn,1140059.98,1140060.02,0.0
2024-07-18 14:48:49+00:00,btc_mxn,1140059.98,1140060.02,0.0
2024-07-18 14:48:50+00:00,btc_mxn,1140059.98,1140060.02,0.0
2024-07-18 14:48:51+00:00,btc_mxn,1140059.98,1140060.02,0.0
2024-07-18 14:48:52+00:00,btc_mxn,1140059.98,1140060.02,0.0
2024-07-18 14:48:53+00:00,btc_mxn,1140059.98,1140060.02,0.0
2024-07-18 14:48:54+00:00,btc_mxn,1140059.98,1140060.02,0.0
2024-07-18 14:48:55+00:00,btc_mxn,1140059.98,1140060.02,0.0
2024-07-18 14:48:56+00:00,btc_mxn,1140059.98,1140060.02,0.0
2024-07-18 14:48:57+00:00,btc_mxn,1140059.98,1140060.02,0.0
2024-07-18 14:48:58+00:00,btc_mxn,1140059.98,1140060.02,0.0
2024-07-18 14:48:59+00:00,btc_mxn,1140059.98,1140060.02,0.0
2024-07-18 14:49:00+00:00,btc_mxn,1140059.98,1140060.02,0.0
2024-07-18 14:49:01+00:00,btc_mxn,1140059.98,1140060.02,0.0
2024-07-18 14:49:02+00:00,btc_mxn,1140059.98,1140060.02,0.0
2024-07-18 14:49:03+00:00,btc_mxn,1140059.98,1140060.02,0.0
2024-07-18 14:49:04+00:00,btc_mxn,1140059.98,1140060.02,0.0
2024-07-18 14:49:05+00:00,btc_mxn,1140059.98,1140060.02,0.0
2024-07-18 14:49:06+00:00,btc_mxn,1140059.98,1140060.02,0.0
2024-07-18 14:49:07+00:00,btc_mxn,1140059.98,1140060.02,0.0
2024-07-18 14:49:08+00:00,btc_mxn,1140059.98,1140060.02,0.0
2024-07-18 14:49:09+00:00,btc_mxn,1140059.98,1140060.02,0.0
2024-07-18 14:49:10+00:00,btc_mxn,1140059.98,1140060.02,0.0
2024-07-18 14:49:11+00:00,btc_mxn,1140059.98,1140060.02,0.0
2024-07-18 14:49:12+00:00,btc_mxn,1140059.98,1140060.02,0.0
2024-07-18 14:49:13+00:00,btc_mxn,1140059.98,1140060.02,0.0
2024-07-18 14:49:14+00:00,btc_mxn,1140059.98,1140060.02,0.0
2024-07-18 14:49:15+00:00,btc_mxn,1140059.98,1140060.02,0.0
2024-07-18 14:49:16+00:00,btc_mxn,1140059.98,1140060.02,0.0
2024-07-18 14:49:17+00:00,btc_mxn,1140059.98,1140060.02,0.0
2024-07-18 14:49:18+00:00,btc_mxn,1140059.98,1140060.02,0.0
2024-07-18 14:49:19+00:00,btc_mxn,1140059.98,1140060.02,0.0
2024-07-18 14:49:20+00:00,btc_mxn,1140059.98,1140060.02,0.0
2024-07-18 14:49:21+00:00,btc_mxn,1140059.98,1140060.02,0.0
2024-07-18 14:49:22+00:00,btc_mxn,1140059.98,1140060.02,0.0
2024-07-18 14:49:23+00:00,btc_mxn,1140059.98,1140060.02,0.0
2024-07-18 14:49:24+00:00,btc_mxn,1140059.98,1140060.02,0.0
2024-07-18 14:49:25+00:00,btc_mxn,1140059.98,1140060.02,0.0
2024-07-18 14:49:26+00:00,btc_mxn,1140059.98,1140060.02,0.0
2024-07-18 14:49:27+00:00,btc_mxn,1140059.98,1140060.02,0.0
2024-07-18 14:49:28+00:00,btc_mxn,1140059.98,1140060.02,0.0
2024-07-18 14:49:29+00:00,btc_mxn,1140059.98,1140060.02,0.0
2024-07-18 14:49:30+00:00,btc_mxn,1140059.98,1140060.02,0.0
2024-07-18 14:49:31+00:00,btc_mxn,1140059.98,1140060.02,0.0
2024-07-18 14:49:33+00:00,btc_mxn,1140059.98,1140060.02,0.0
2024-07-18 14:49:33+00:00,btc_mxn,1140059.98,1140060.02,0.0
2024-07-18 14:49:34+00:00,btc_mxn,1140059.98,1140060.02,0.0
2024-07-18 14:49:35+00:00,btc_mxn,1140059.98,1140060.02,0.0
2024-07-18 14:49:37+00:00,btc_mxn,1140059.98,1140060.02,0.0
2024-07-18 14:49:38+00:00,btc_mxn,1140059.98,1140060.02,0.0
2024-07-18 14:49:39+00:00,btc_mxn,1140059.98,1140060.02,0.0
2024-07-18 14:49:40+00:00,btc_mxn,1140059.98,1140060.02,0.0
2024-07-18 14:49:41+00:00,btc_mxn,1140059.98,1140060.02,0.0
2024-07-18 14:49:42+00:00,btc_mxn,1140059.98,1140060.02,0.0
2024-07-18 14:49:43+00:00,btc_mxn,1140059.98,1140060.02,0.0
2024-07-18 14:49:44+00:00,btc_mxn,1140059.98,1140060.02,0.0
2024-07-18 14:49:45+00:00,btc_mxn,1140059.98,1140060.02,0.0
2024-07-18 14:49:46+00:00,btc_mxn,1140059.98,1140060.02,0.0
2024-07-18 14:49:47+00:00,btc_mxn,1140059.98,1140060.02,0.0
2024-07-18 14:49:48+00:00,btc_mxn,1140059.98,1140060.02,0.0
2024-07-18 14:49:49+00:00,btc_mxn,1140059.98,1140060.02,0.0
2024-07-18 14:49:50+00:00,btc_mxn,1140059.98,1140060.02,0.0
2024-07-18 14:49:51+00:00,btc_mxn,1140059.98,1140060.02,0.0
2024-07-18 14:49:52+00:00,btc_mxn,1140059.98,1140060.02,0.0
2024-07-18 14:49:53+00:00,btc_mxn,1140059.98,1140060.02,0.0
2024-07-18 14:49:54+00:00,btc_mxn,1140059.98,1140060.02,0.0
2024-07-18 14:49:55+00:00,btc_mxn,1140059.98,1140060.02,0.0
2024-07-18 14:49:56+00:00,btc_mxn,1140059.98,1140060.02,0.0
2024-07-18 14:49:57+00:00,btc_mxn,1140059.98,1140060.02,0.0
2024-07-18 14:49:58+00:00,btc_mxn,1140059.98,1140060.02,0.0
2024-07-18 14:49:59+00:00,btc_mxn,1140059.98,1140060.02,0.0
2024-07-18 14:50:00+00:00,btc_mxn,1140059.98,1140060.02,0.0
2024-07-18 14:50:01+00:00,btc_mxn,1140059.98,1140060.02,0.0
2024-07-18 14:50:02+00:00,btc_mxn,1140059.98,1140060.02,0.0
2024-07-18 14:50:03+00:00,btc_mxn,1140059.98,1140060.02,0.0
2024-07-18 14:50:04+00:00,btc_mxn,1140059.98,1140060.02,0.0
2024-07-18 14:50:05+00:00,btc_mxn,1140059.98,1140060.02,0.0
2024-07-18 14:50:06+00:00,btc_mxn,1140059.98,1140060.02,0.0
2024-07-18 14:50:07+00:00,btc_mxn,1140059.98,1140060.02,0.0
2024-07-18 14:50:08+00:00,btc_mxn,1140059.98,1140060.02,0.0
2024-07-18 14:50:09+00:00,btc_mxn,1140059.98,1140060.02,0.0
2024-07-18 14:50:10+00:00,btc_mxn,1140059.98,1140060.02,0.0
2024-07-18 14:50:11+00:00,btc_mxn,1140059.98,1140060.02,0.0
2024-07-18 14:50:12+00:00,btc_mxn,1140059.98,1140060.02,0.0
2024-07-18 14:50:14+00:00,btc_mxn,1140059.98,1140060.02,0.0
2024-07-18 14:50:16+00:00,btc_mxn,1140059.98,1140060.02,0.0
2024-07-18 14:50:16+00:00,btc_mxn,1140059.98,1140060.02,0.0
2024-07-18 14:50:18+00:00,btc_mxn,1140059.98,1140060.02,0.0
2024-07-18 14:50:19+00:00,btc_mxn,1140059.98,1140060.02,0.0
2024-07-18 14:50:20+00:00,btc_mxn,1140059.98,1140060.02,0.0
2024-07-18 14:50:21+00:00,btc_mxn,1140059.98,1140060.02,0.0
2024-07-18 14:50:22+00:00,btc_mxn,1140059.98,1140060.02,0.0
2024-07-18 14:50:23+00:00,btc_mxn,1140059.98,1140060.02,0.0
2024-07-18 14:50:24+00:00,btc_mxn,1140059.98,1140060.02,0.0
2024-07-18 14:50:25+00:00,btc_mxn,1140059.98,1140060.02,0.0
2024-07-18 14:50:26+00:00,btc_mxn,1140059.98,1140060.02,0.0
2024-07-18 14:50:27+00:00,btc_mxn,1140059.98,1140060.02,0.0
2024-07-18 14:50:28+00:00,btc_mxn,1140059.98,1140060.02,0.0
2024-07-18 14:50:29+00:00,btc_mxn,1140059.98,1140060.02,0.0
2024-07-18 14:50:30+00:00,btc_mxn,1140059.98,1140060.02,0.0
2024-07-18 14:50:31+00:00,btc_mxn,1140059.98,1140060.02,0.0
2024-07-18 14:50:32+00:00,btc_mxn,1140059.98,1140060.02,0.0
2024-07-18 14:50:33+00:00,btc_mxn,1140059.98,1140060.02,0.0
2024-07-18 14:50:34+00:00,btc_mxn,1140059.98,1140060.02,0.0
2024-07-18 14:50:35+00:00,btc_mxn,1140059.98,1140060.02,0.0
2024-07-18 14:50:36+00:00,btc_mxn,1140059.98,1140060.02,0.0
2024-07-18 14:50:37+00:00,btc_mxn,1140059.98,1140060.02,0.0
2024-07-18 14:50:38+00:00,btc_mxn,1140059.98,1140060.02,0.0
2024-07-18 14:50:39+00:00,btc_mxn,1140059.98,1140060.02,0.0
2024-07-18 14:50:40+00:00,btc_mxn,1140059.98,1140060.02,0.0
2024-07-18 14:50:41+00:00,btc_mxn,1140059.98,1140060.02,0.0
2024-07-18 14:50:42+00:00,btc_mxn,1140059.98,1140060.02,0.0
2024-07-18 14:50:43+00:00,btc_mxn,1140059.98,1140060.02,0.0
2024-07-18 14:50:44+00:00,btc_mxn,1140059.98,1140060.02,0.0
2024-07-18 14:50:45+00:00,btc_mxn,1140059.98,1140060.02,0.0
2024-07-18 14:50:46+00:00,btc_mxn,1140059.98,1140060.02,0.0
2024-07-18 14:50:47+00:00,btc_mxn,1140059.98,1140060.02,0.0
2024-07-18 14:50:48+00:00,btc_mxn,1140059.98,1140060.02,0.0
2024-07-18 14:50:49+00:00,btc_mxn,1140059.98,1140060.02,0.0
2024-07-18 14:50:50+00:00,btc_mxn,1140059.98,1140060.02,0.0
2024-07-18 14:50:51+00:00,btc_mxn,1140059.98,1140060.02,0.0
2024-07-18 14:50:52+00:00,btc_mxn,1140059.98,1140060.02,0.0
2024-07-18 14:50:53+00:00,btc_mxn,1140059.98,1140060.02,0.0
2024-07-18 14:50:54+00:00,btc_mxn,1140059.98,1140060.02,0.0
2024-07-18 14:50:55+00:00,btc_mxn,1140059.98,1140060.02,0.0
2024-07-18 14:50:56+00:00,btc_mxn,1140059.98,1140060.02,0.0
2024-07-18 14:50:57+00:00,btc_mxn,1140059.98,1140060.02,0.0
2024-07-18 14:50:58+00:00,btc_mxn,1140059.98,1140060.02,0.0
2024-07-18 14:50:59+00:00,btc_mxn,1140059.98,1140060.02,0.0
2024-07-18 14:51:00+00:00,btc_mxn,1140059.98,1140060.02,0.0
2024-07-18 14:51:01+00:00,btc_mxn,1140059.98,1140060.02,0.0
2024-07-18 14:51:02+00:00,btc_mxn,1140059.98,1140060.02,0.0
2024-07-18 14:51:03+00:00,btc_mxn,1140059.98,1140060.02,0.0
2024-07-18 14:51:04+00:00,btc_mxn,1140059.98,1140060.02,0.0
2024-07-18 14:51:05+00:00,btc_mxn,1140059.98,1140060.02,0.0
2024-07-18 14:51:06+00:00,btc_mxn,1140059.98,1140060.02,0.0
2024-07-18 14:51:07+00:00,btc_mxn,1137919.98,1137920.02,0.0
2024-07-18 14:51:08+00:00,btc_mxn,1137919.98,1137920.02,0.0
2024-07-18 14:51:09+00:00,btc_mxn,1137919.98,1137920.02,0.0
2024-07-18 14:51:10+00:00,btc_mxn,1137919.98,1137920.02,0.0
2024-07-18 14:51:11+00:00,btc_mxn,1137919.98,1137920.02,0.0
2024-07-18 14:51:12+00:00,btc_mxn,1137919.98,1137920.02,0.0
2024-07-18 14:51:13+00:00,btc_mxn,1137919.98,1137920.02,0.0
2024-07-18 14:51:14+00:00,btc_mxn,1137919.98,1137920.02,0.0
2024-07-18 14:51:15+00:00,btc_mxn,1137919.98,1137920.02,0.0
2024-07-18 14:51:16+00:00,btc_mxn,1137919.98,1137920.02,0.0
2024-07-18 14:51:18+00:00,btc_mxn,1137919.98,1137920.02,0.0
2024-07-18 14:51:19+00:00,btc_mxn,1137919.98,1137920.02,0.0
2024-07-18 14:51:20+00:00,btc_mxn,1137919.98,1137920.02,0.0
2024-07-18 14:51:21+00:00,btc_mxn,1137919.98,1137920.02,0.0
2024-07-18 14:51:22+00:00,btc_mxn,1137919.98,1137920.02,0.0
2024-07-18 14:51:23+00:00,btc_mxn,1137919.98,1137920.02,0.0
2024-07-18 14:51:24+00:00,btc_mxn,1137919.98,1137920.02,0.0
2024-07-18 14:51:25+00:00,btc_mxn,1137919.98,1137920.02,0.0
2024-07-18 14:51:26+00:00,btc_mxn,1137919.98,1137920.02,0.0
2024-07-18 14:51:27+00:00,btc_mxn,1137919.98,1137920.02,0.0
2024-07-18 14:51:28+00:00,btc_mxn,1137919.98,1137920.02,0.0
2024-07-18 14:51:29+00:00,btc_mxn,1137919.98,1137920.02,0.0
2024-07-18 14:51:30+00:00,btc_mxn,1137919.98,1137920.02,0.0
2024-07-18 14:51:31+00:00,btc_mxn,1137919.98,1137920.02,0.0
2024-07-18 14:51:32+00:00,btc_mxn,1137919.98,1137920.02,0.0
2024-07-18 14:51:33+00:00,btc_mxn,1137919.98,1137920.02,0.0
2024-07-18 14:51:34+00:00,btc_mxn,1137919.98,1137920.02,0.0
2024-07-18 14:51:35+00:00,btc_mxn,1137919.98,1137920.02,0.0
2024-07-18 14:51:36+00:00,btc_mxn,1137919.98,1137920.02,0.0
2024-07-18 14:51:37+00:00,btc_mxn,1137919.98,1137920.02,0.0
2024-07-18 14:51:38+00:00,btc_mxn,1137919.98,1137920.02,0.0
2024-07-18 14:51:39+00:00,btc_mxn,1137919.98,1137920.02,0.0
2024-07-18 14:51:40+00:00,btc_mxn,1137919.98,1137920.02,0.0
2024-07-18 14:51:41+00:00,btc_mxn,1137919.98,1137920.02,0.0
2024-07-18 14:51:42+00:00,btc_mxn,1137919.98,1137920.02,0.0
2024-07-18 14:51:43+00:00,btc_mxn,1137919.98,1137920.02,0.0
2024-07-18 14:51:44+00:00,btc_mxn,1137919.98,1137920.02,0.0
2024-07-18 14:51:45+00:00,btc_mxn,1137919.98,1137920.02,0.0
2024-07-18 14:51:46+00:00,btc_mxn,1137919.98,1137920.02,0.0
2024-07-18 14:51:47+00:00,btc_mxn,1137919.98,1137920.02,0.0
2024-07-18 14:51:48+00:00,btc_mxn,1137919.98,1137920.02,0.0
2024-07-18 14:51:49+00:00,btc_mxn,1137919.98,1137920.02,0.0
2024-07-18 14:51:50+00:00,btc_mxn,1137919.98,1137920.02,0.0
2024-07-18 14:51:51+00:00,btc_mxn,1137919.98,1137920.02,0.0
2024-07-18 14:51:52+00:00,btc_mxn,1137919.98,1137920.02,0.0
2024-07-18 14:51:53+00:00,btc_mxn,1137919.98,1137920.02,0.0
2024-07-18 14:51:54+00:00,btc_mxn,1137919.98,1137920.02,0.0
2024-07-18 14:51:55+00:00,btc_mxn,1137919.98,1137920.02,0.0
2024-07-18 14:51:56+00:00,btc_mxn,1137919.98,1137920.02,0.0
2024-07-18 14:51:57+00:00,btc_mxn,1137919.98,1137920.02,0.0
2024-07-18 14:51:58+00:00,btc_mxn,1137919.98,1137920.02,0.0
2024-07-18 14:51:59+00:00,btc_mxn,1137919.98,1137920.02,0.0
2024-07-18 14:52:00+00:00,btc_mxn,1137919.98,1137920.02,0.0
2024-07-18 14:52:01+00:00,btc_mxn,1137919.98,1137920.02,0.0
2024-07-18 14:52:02+00:00,btc_mxn,1137919.98,1137920.02,0.0
2024-07-18 14:52:03+00:00,btc_mxn,1137919.98,1137920.02,0.0
2024-07-18 14:52:04+00:00,btc_mxn,1137919.98,1137920.02,0.0
2024-07-18 14:52:05+00:00,btc_mxn,1137919.98,1137920.02,0.0
2024-07-18 14:52:06+00:00,btc_mxn,1137919.98,1137920.02,0.0
2024-07-18 14:52:07+00:00,btc_mxn,1137919.98,1137920.02,0.0
2024-07-18 14:52:08+00:00,btc_mxn,1137919.98,1137920.02,0.0
2024-07-18 14:52:09+00:00,btc_mxn,1137919.98,1137920.02,0.0
2024-07-18 14:52:10+00:00,btc_mxn,1137919.98,1137920.02,0.0
2024-07-18 14:52:11+00:00,btc_mxn,1137919.98,1137920.02,0.0
2024-07-18 14:52:12+00:00,btc_mxn,1137919.98,1137920.02,0.0
2024-07-18 14:52:13+00:00,btc_mxn,1137919.98,1137920.02,0.0
2024-07-18 14:52:15+00:00,btc_mxn,1137919.98,1137920.02,0.0
2024-07-18 14:52:15+00:00,btc_mxn,1137919.98,1137920.02,0.0
2024-07-18 14:52:17+00:00,btc_mxn,1137919.98,1137920.02,0.0
2024-07-18 14:52:18+00:00,btc_mxn,1137919.98,1137920.02,0.0
2024-07-18 14:52:19+00:00,btc_mxn,1137919.98,1137920.02,0.0
2024-07-18 14:52:20+00:00,btc_mxn,1137919.98,1137920.02,0.0
2024-07-18 14:52:21+00:00,btc_mxn,1137919.98,1137920.02,0.0
2024-07-18 14:52:22+00:00,btc_mxn,1137919.98,1137920.02,0.0
2024-07-18 14:52:23+00:00,btc_mxn,1137919.98,1137920.02,0.0
2024-07-18 14:52:24+00:00,btc_mxn,1137919.98,1137920.02,0.0
2024-07-18 14:52:25+00:00,btc_mxn,1137919.98,1137920.02,0.0
2024-07-18 14:52:26+00:00,btc_mxn,1137919.98,1137920.02,0.0
2024-07-18 14:52:27+00:00,btc_mxn,1137919.98,1137920.02,0.0
2024-07-18 14:52:28+00:00,btc_mxn,1137919.98,1137920.02,0.0
2024-07-18 14:52:29+00:00,btc_mxn,1137919.98,1137920.02,0.0
2024-07-18 14:52:30+00:00,btc_mxn,1137919.98,1137920.02,0.0
2024-07-18 14:52:31+00:00,btc_mxn,1137919.98,1137920.02,0.0
2024-07-18 14:52:32+00:00,btc_mxn,1137919.98,1137920.02,0.0
2024-07-18 14:52:33+00:00,btc_mxn,1137919.98,1137920.02,0.0
2024-07-18 14:52:34+00:00,btc_mxn,1137919.98,1137920.02,0.0
2024-07-18 14:52:35+00:00,btc_mxn,1137919.98,1137920.02,0.0
2024-07-18 14:52:36+00:00,btc_mxn,1137919.98,1137920.02,0.0
2024-07-18 14:52:37+00:00,btc_mxn,1137919.98,1137920.02,0.0
2024-07-18 14:52:38+00:00,btc_mxn,1137919.98,1137920.02,0.0
2024-07-18 14:52:39+00:00,btc_mxn,1137919.98,1137920.02,0.0
2024-07-18 14:52:40+00:00,btc_mxn,1137919.98,1137920.02,0.0
2024-07-18 14:52:41+00:00,btc_mxn,1137919.98,1137920.02,0.0
2024-07-18 14:52:42+00:00,btc_mxn,1137919.98,1137920.02,0.0
2024-07-18 14:52:43+00:00,btc_mxn,1137919.98,1137920.02,0.0
2024-07-18 14:52:44+00:00,btc_mxn,1137919.98,1137920.02,0.0
2024-07-18 14:52:45+00:00,btc_mxn,1137919.98,1137920.02,0.0
2024-07-18 14:52:46+00:00,btc_mxn,1137919.98,1137920.02,0.0
2024-07-18 14:52:47+00:00,btc_mxn,1137919.98,1137920.02,0.0
2024-07-18 14:52:48+00:00,btc_mxn,1137919.98,1137920.02,0.0
2024-07-18 14:52:49+00:00,btc_mxn,1137919.98,1137920.02,0.0
2024-07-18 14:52:50+00:00,btc_mxn,1137919.98,1137920.02,0.0
2024-07-18 14:52:51+00:00,btc_mxn,1137919.98,1137920.02,0.0
2024-07-18 14:52:52+00:00,btc_mxn,1137919.98,1137920.02,0.0
2024-07-18 14:52:53+00:00,btc_mxn,1137919.98,1137920.02,0.0
2024-07-18 14:52:54+00:00,btc_mxn,1137919.98,1137920.02,0.0
2024-07-18 14:52:55+00:00,btc_mxn,1137919.98,1137920.02,0.0
2024-07-18 14:52:56+00:00,btc_mxn,1137919.98,1137920.02,0.0
2024-07-18 14:52:57+00:00,btc_mxn,1137919.98,1137920.02,0.0
2024-07-18 14:52:58+00:00,btc_mxn,1137919.98,1137920.02,0.0
2024-07-18 14:52:59+00:00,btc_mxn,1137919.98,1137920.02,0.0
2024-07-18 14:53:00+00:00,btc_mxn,1137919.98,1137920.02,0.0
2024-07-18 14:53:01+00:00,btc_mxn,1137919.98,1137920.02,0.0
2024-07-18 14:53:02+00:00,btc_mxn,1137919.98,1137920.02,0.0
2024-07-18 14:53:03+00:00,btc_mxn,1137919.98,1137920.02,0.0
2024-07-18 14:53:04+00:00,btc_mxn,1138740.0,1141230.0,0.218
2024-07-18 14:53:05+00:00,btc_mxn,1138740.0,1141230.0,0.218
2024-07-18 14:53:06+00:00,btc_mxn,1138740.0,1141230.0,0.218
2024-07-18 14:53:07+00:00,btc_mxn,1138740.0,1141130.0,0.209
2024-07-18 14:53:08+00:00,btc_mxn,1138740.0,1141070.0,0.204
2024-07-18 14:53:09+00:00,btc_mxn,1138740.0,1141070.0,0.204
2024-07-18 14:53:10+00:00,btc_mxn,1138740.0,1141070.0,0.204
2024-07-18 14:53:11+00:00,btc_mxn,1138740.0,1141070.0,0.204
