orderbook_timestamp,book,bid,ask,spread
2024-07-18 14:02:11+00:00,btc_mxn,1146699.98,1146700.02,0.0
2024-07-18 14:02:12+00:00,btc_mxn,1146699.98,1146700.02,0.0
2024-07-18 14:02:13+00:00,btc_mxn,1146699.98,1146700.02,0.0
2024-07-18 14:02:14+00:00,btc_mxn,1146699.98,1146700.02,0.0
2024-07-18 14:02:15+00:00,btc_mxn,1146699.98,1146700.02,0.0
2024-07-18 14:02:16+00:00,btc_mxn,1146699.98,1146700.02,0.0
2024-07-18 14:02:17+00:00,btc_mxn,1146699.98,1146700.02,0.0
2024-07-18 14:02:18+00:00,btc_mxn,1146699.98,1146700.02,0.0
2024-07-18 14:02:20+00:00,btc_mxn,1146699.98,1146700.02,0.0
2024-07-18 14:02:20+00:00,btc_mxn,1146699.98,1146700.02,0.0
2024-07-18 14:02:21+00:00,btc_mxn,1146699.98,1146700.02,0.0
2024-07-18 14:02:23+00:00,btc_mxn,1146699.98,1146700.02,0.0
2024-07-18 14:02:24+00:00,btc_mxn,1146699.98,1146700.02,0.0
2024-07-18 14:02:25+00:00,btc_mxn,1146699.98,1146700.02,0.0
2024-07-18 14:02:26+00:00,btc_mxn,1146699.98,1146700.02,0.0
2024-07-18 14:02:27+00:00,btc_mxn,1146699.98,1146700.02,0.0
2024-07-18 14:02:28+00:00,btc_mxn,1146699.98,1146700.02,0.0
2024-07-18 14:02:29+00:00,btc_mxn,1146699.98,1146700.02,0.0
2024-07-18 14:02:30+00:00,btc_mxn,1146699.98,1146700.02,0.0
2024-07-18 14:02:31+00:00,btc_mxn,1146699.98,1146700.02,0.0
2024-07-18 14:02:32+00:00,btc_mxn,1146699.98,1146700.02,0.0
2024-07-18 14:02:33+00:00,btc_mxn,1146699.98,1146700.02,0.0
2024-07-18 14:02:34+00:00,btc_mxn,1146699.98,1146700.02,0.0
2024-07-18 14:02:35+00:00,btc_mxn,1146699.98,1146700.02,0.0
2024-07-18 14:02:36+00:00,btc_mxn,1146699.98,1146700.02,0.0
2024-07-18 14:02:37+00:00,btc_mxn,1146699.98,1146700.02,0.0
2024-07-18 14:02:38+00:00,btc_mxn,1146699.98,1146700.02,0.0
2024-07-18 14:02:39+00:00,btc_mxn,1146699.98,1146700.02,0.0
2024-07-18 14:02:40+00:00,btc_mxn,1146699.98,1146700.02,0.0
2024-07-18 14:02:41+00:00,btc_mxn,1146699.98,1146700.02,0.0
2024-07-18 14:02:42+00:00,btc_mxn,1146699.98,1146700.02,0.0
2024-07-18 14:02:43+00:00,btc_mxn,1146699.98,1146700.02,0.0
2024-07-18 14:02:44+00:00,btc_mxn,1146699.98,1146700.02,0.0
2024-07-18 14:02:45+00:00,btc_mxn,1146699.98,1146700.02,0.0
2024-07-18 14:02:46+00:00,btc_mxn,1146699.98,1146700.02,0.0
2024-07-18 14:02:47+00:00,btc_mxn,1146699.98,1146700.02,0.0
2024-07-18 14:02:48+00:00,btc_mxn,1146699.98,1146700.02,0.0
2024-07-18 14:02:49+00:00,btc_mxn,1146699.98,1146700.02,0.0
2024-07-18 14:02:50+00:00,btc_mxn,1146699.98,1146700.02,0.0
2024-07-18 14:02:51+00:00,btc_mxn,1146699.98,1146700.02,0.0
2024-07-18 14:02:52+00:00,btc_mxn,1146699.98,1146700.02,0.0
2024-07-18 14:02:53+00:00,btc_mxn,1146699.98,1146700.02,0.0
2024-07-18 14:02:54+00:00,btc_mxn,1146699.98,1146700.02,0.0
2024-07-18 14:02:55+00:00,btc_mxn,1146699.98,1146700.02,0.0
2024-07-18 14:02:56+00:00,btc_mxn,1146699.98,1146700.02,0.0
2024-07-18 14:02:57+00:00,btc_mxn,1146699.98,1146700.02,0.0
2024-07-18 14:02:58+00:00,btc_mxn,1146699.98,1146700.02,0.0
2024-07-18 14:02:59+00:00,btc_mxn,1146699.98,1146700.02,0.0
2024-07-18 14:03:00+00:00,btc_mxn,1146699.98,1146700.02,0.0
2024-07-18 14:03:01+00:00,btc_mxn,1146699.98,1146700.02,0.0
2024-07-18 14:03:02+00:00,btc_mxn,1146699.98,1146700.02,0.0
2024-07-18 14:03:03+00:00,btc_mxn,1146699.98,1146700.02,0.0
2024-07-18 14:03:04+00:00,btc_mxn,1146699.98,1146700.02,0.0
2024-07-18 14:03:05+00:00,btc_mxn,1146699.98,1146700.02,0.0
2024-07-18 14:03:06+00:00,btc_mxn,1146699.98,1146700.02,0.0
2024-07-18 14:03:07+00:00,btc_mxn,1146699.98,1146700.02,0.0
2024-07-18 14:03:08+00:00,btc_mxn,1146699.98,1146700.02,0.0
2024-07-18 14:03:09+00:00,btc_mxn,1146699.98,1146700.02,0.0
2024-07-18 14:03:10+00:00,btc_mxn,1146699.98,1146700.02,0.0
2024-07-18 14:03:11+00:00,btc_mxn,1146699.98,1146700.02,0.0
2024-07-18 14:03:12+00:00,btc_mxn,1146699.98,1146700.02,0.0
2024-07-18 14:03:13+00:00,btc_mxn,1146699.98,1146700.02,0.0
2024-07-18 14:03:14+00:00,btc_mxn,1146699.98,1146700.02,0.0
2024-07-18 14:03:15+00:00,btc_mxn,1146699.98,1146700.02,0.0
2024-07-18 14:03:16+00:00,btc_mxn,1146699.98,1146700.02,0.0
2024-07-18 14:03:17+00:00,btc_mxn,1146699.98,1146700.02,0.0
2024-07-18 14:03:18+00:00,btc_mxn,1146699.98,1146700.02,0.0
2024-07-18 14:03:20+00:00,btc_mxn,1146699.98,1146700.02,0.0
2024-07-18 14:03:20+00:00,btc_mxn,1146699.98,1146700.02,0.0
2024-07-18 14:03:21+00:00,btc_mxn,1146699.98,1146700.02,0.0
2024-07-18 14:03:23+00:00,btc_mxn,1146699.98,1146700.02,0.0
2024-07-18 14:03:24+00:00,btc_mxn,1146699.98,1146700.02,0.0
2024-07-18 14:03:25+00:00,btc_mxn,1146699.98,1146700.02,0.0
2024-07-18 14:03:26+00:00,btc_mxn,1146699.98,1146700.02,0.0
2024-07-18 14:03:27+00:00,btc_mxn,1146699.98,1146700.02,0.0
2024-07-18 14:03:28+00:00,btc_mxn,1146699.98,1146700.02,0.0
2024-07-18 14:03:29+00:00,btc_mxn,1146699.98,1146700.02,0.0
2024-07-18 14:03:30+00:00,btc_mxn,1146699.98,1146700.02,0.0
2024-07-18 14:03:31+00:00,btc_mxn,1146699.98,1146700.02,0.0
2024-07-18 14:03:32+00:00,btc_mxn,1146699.98,1146700.02,0.0
2024-07-18 14:03:33+00:00,btc_mxn,1146699.98,1146700.02,0.0
2024-07-18 14:03:34+00:00,btc_mxn,1146699.98,1146700.02,0.0
2024-07-18 14:03:35+00:00,btc_mxn,1146699.98,1146700.02,0.0
2024-07-18 14:03:36+00:00,btc_mxn,1146699.98,1146700.02,0.0
2024-07-18 14:03:37+00:00,btc_mxn,1146699.98,1146700.02,0.0
2024-07-18 14:03:38+00:00,btc_mxn,1146699.98,1146700.02,0.0
2024-07-18 14:03:39+00:00,btc_mxn,1146699.98,1146700.02,0.0
2024-07-18 14:03:40+00:00,btc_mxn,1146699.98,1146700.02,0.0
2024-07-18 14:03:41+00:00,btc_mxn,1146699.98,1146700.02,0.0
2024-07-18 14:03:42+00:00,btc_mxn,1146699.98,1146700.02,0.0
2024-07-18 14:03:43+00:00,btc_mxn,1146699.98,1146700.02,0.0
2024-07-18 14:03:44+00:00,btc_mxn,1146699.98,1146700.02,0.0
2024-07-18 14:03:45+00:00,btc_mxn,1146699.98,1146700.02,0.0
2024-07-18 14:03:46+00:00,btc_mxn,1146699.98,1146700.02,0.0
2024-07-18 14:03:47+00:00,btc_mxn,1146699.98,1146700.02,0.0
2024-07-18 14:03:48+00:00,btc_mxn,1146699.98,1146700.02,0.0
2024-07-18 14:03:49+00:00,btc_mxn,1146699.98,1146700.02,0.0
2024-07-18 14:03:50+00:00,btc_mxn,1146699.98,1146700.02,0.0
2024-07-18 14:03:51+00:00,btc_mxn,1146699.98,1146700.02,0.0
2024-07-18 14:03:52+00:00,btc_mxn,1146699.98,1146700.02,0.0
2024-07-18 14:03:53+00:00,btc_mxn,1146699.98,1146700.02,0.0
2024-07-18 14:03:54+00:00,btc_mxn,1146699.98,1146700.02,0.0
2024-07-18 14:03:55+00:00,btc_mxn,1146699.98,1146700.02,0.0
2024-07-18 14:03:56+00:00,btc_mxn,1146699.98,1146700.02,0.0
2024-07-18 14:03:57+00:00,btc_mxn,1146699.98,1146700.02,0.0
2024-07-18 14:03:58+00:00,btc_mxn,1146699.98,1146700.02,0.0
2024-07-18 14:03:59+00:00,btc_mxn,1146699.98,1146700.02,0.0
2024-07-18 14:04:00+00:00,btc_mxn,1146699.98,1146700.02,0.0
2024-07-18 14:04:01+00:00,btc_mxn,1146699.98,1146700.02,0.0
2024-07-18 14:04:02+00:00,btc_mxn,1146699.98,1146700.02,0.0
2024-07-18 14:04:03+00:00,btc_mxn,1146699.98,1146700.02,0.0
2024-07-18 14:04:04+00:00,btc_mxn,1146699.98,1146700.02,0.0
2024-07-18 14:04:05+00:00,btc_mxn,1146699.98,1146700.02,0.0
2024-07-18 14:04:06+00:00,btc_mxn,1146699.98,1146700.02,0.0
2024-07-18 14:04:07+00:00,btc_mxn,1146699.98,1146700.02,0.0
2024-07-18 14:04:08+00:00,btc_mxn,1146699.98,1146700.02,0.0
2024-07-18 14:04:09+00:00,btc_mxn,1146699.98,1146700.02,0.0
2024-07-18 14:04:11+00:00,btc_mxn,1146699.98,1146700.02,0.0
2024-07-18 14:04:11+00:00,btc_mxn,1146699.98,1146700.02,0.0
2024-07-18 14:04:12+00:00,btc_mxn,1146699.98,1146700.02,0.0
2024-07-18 14:04:14+00:00,btc_mxn,1146699.98,1146700.02,0.0
2024-07-18 14:04:15+00:00,btc_mxn,1146699.98,1146700.02,0.0
2024-07-18 14:04:16+00:00,btc_mxn,1146699.98,1146700.02,0.0
2024-07-18 14:04:17+00:00,btc_mxn,1146699.98,1146700.02,0.0
2024-07-18 14:04:18+00:00,btc_mxn,1146699.98,1146700.02,0.0
2024-07-18 14:04:19+00:00,btc_mxn,1146699.98,1146700.02,0.0
2024-07-18 14:04:20+00:00,btc_mxn,1146699.98,1146700.02,0.0
2024-07-18 14:04:21+00:00,btc_mxn,1146699.98,1146700.02,0.0
2024-07-18 14:04:22+00:00,btc_mxn,1146699.98,1146700.02,0.0
2024-07-18 14:04:23+00:00,btc_mxn,1146699.98,1146700.02,0.0
2024-07-18 14:04:24+00:00,btc_mxn,1146699.98,1146700.02,0.0
2024-07-18 14:04:25+00:00,btc_mxn,1146699.98,1146700.02,0.0
2024-07-18 14:04:26+00:00,btc_mxn,1146699.98,1146700.02,0.0
2024-07-18 14:04:27+00:00,btc_mxn,1146699.98,1146700.02,0.0
2024-07-18 14:04:28+00:00,btc_mxn,1146699.98,1146700.02,0.0
2024-07-18 14:04:29+00:00,btc_mxn,1146699.98,1146700.02,0.0
2024-07-18 14:04:30+00:00,btc_mxn,1146699.98,1146700.02,0.0
2024-07-18 14:04:31+00:00,btc_mxn,1146699.98,1146700.02,0.0
2024-07-18 14:04:32+00:00,btc_mxn,1146699.98,1146700.02,0.0
2024-07-18 14:04:33+00:00,btc_mxn,1146699.98,1146700.02,0.0
2024-07-18 14:04:34+00:00,btc_mxn,1146699.98,1146700.02,0.0
2024-07-18 14:04:35+00:00,btc_mxn,1146699.98,1146700.02,0.0
2024-07-18 14:04:36+00:00,btc_mxn,1146699.98,1146700.02,0.0
2024-07-18 14:04:37+00:00,btc_mxn,1146699.98,1146700.02,0.0
2024-07-18 14:04:38+00:00,btc_mxn,1146699.98,1146700.02,0.0
2024-07-18 14:04:39+00:00,btc_mxn,1146699.98,1146700.02,0.0
2024-07-18 14:04:40+00:00,btc_mxn,1146699.98,1146700.02,0.0
2024-07-18 14:04:41+00:00,btc_mxn,1146699.98,1146700.02,0.0
2024-07-18 14:04:42+00:00,btc_mxn,1146699.98,1146700.02,0.0
2024-07-18 14:04:43+00:00,btc_mxn,1146699.98,1146700.02,0.0
2024-07-18 14:04:44+00:00,btc_mxn,1146699.98,1146700.02,0.0
2024-07-18 14:04:45+00:00,btc_mxn,1146699.98,1146700.02,0.0
2024-07-18 14:04:46+00:00,btc_mxn,1146699.98,1146700.02,0.0
2024-07-18 14:04:47+00:00,btc_mxn,1146699.98,1146700.02,0.0
2024-07-18 14:04:48+00:00,btc_mxn,1146699.98,1146700.02,0.0
2024-07-18 14:04:49+00:00,btc_mxn,1146699.98,1146700.02,0.0
2024-07-18 14:04:50+00:00,btc_mxn,1146699.98,1146700.02,0.0
2024-07-18 14:04:51+00:00,btc_mxn,1146699.98,1146700.02,0.0
2024-07-18 14:04:52+00:00,btc_mxn,1146699.98,1146700.02,0.0
2024-07-18 14:04:53+00:00,btc_mxn,1146699.98,1146700.02,0.0
2024-07-18 14:04:54+00:00,btc_mxn,1146699.98,1146700.02,0.0
2024-07-18 14:04:55+00:00,btc_mxn,1146699.98,1146700.02,0.0
2024-07-18 14:04:56+00:00,btc_mxn,1146699.98,1146700.02,0.0
2024-07-18 14:04:57+00:00,btc_mxn,1146699.98,1146700.02,0.0
2024-07-18 14:04:58+00:00,btc_mxn,1146699.98,1146700.02,0.0
2024-07-18 14:04:59+00:00,btc_mxn,1146699.98,1146700.02,0.0
2024-07-18 14:05:00+00:00,btc_mxn,1146699.98,1146700.02,0.0
2024-07-18 14:05:01+00:00,btc_mxn,1146699.98,1146700.02,0.0
2024-07-18 14:05:02+00:00,btc_mxn,1146699.98,1146700.02,0.0
2024-07-18 14:05:03+00:00,btc_mxn,1146699.98,1146700.02,0.0
2024-07-18 14:05:04+00:00,btc_mxn,1146699.98,1146700.02,0.0
2024-07-18 14:05:05+00:00,btc_mxn,1146699.98,1146700.02,0.0
2024-07-18 14:05:06+00:00,btc_mxn,1146699.98,1146700.02,0.0
2024-07-18 14:05:07+00:00,btc_mxn,1146699.98,1146700.02,0.0
2024-07-18 14:05:08+00:00,btc_mxn,1146699.98,1146700.02,0.0
2024-07-18 14:05:09+00:00,btc_mxn,1146699.98,1146700.02,0.0
2024-07-18 14:05:10+00:00,btc_mxn,1146699.98,1146700.02,0.0
2024-07-18 14:05:11+00:00,btc_mxn,1147360.0,1148430.0,0.093
2024-07-18 14:05:12+00:00,btc_mxn,1147360.0,1149100.0,0.151
2024-07-18 14:05:13+00:00,btc_mxn,1147360.0,1149100.0,0.151
2024-07-18 14:05:14+00:00,btc_mxn,1147360.0,1149100.0,0.151
2024-07-18 14:05:15+00:00,btc_mxn,1147360.0,1149100.0,0.151
2024-07-18 14:05:16+00:00,btc_mxn,1147360.0,1149100.0,0.151
2024-07-18 14:05:17+00:00,btc_mxn,1147360.0,1149100.0,0.151
2024-07-18 14:05:19+00:00,btc_mxn,1147360.0,1149100.0,0.151
2024-07-18 14:05:19+00:00,btc_mxn,1147460.0,1148930.0,0.128
2024-07-18 14:05:20+00:00,btc_mxn,1147460.0,1148930.0,0.128
2024-07-18 14:05:22+00:00,btc_mxn,1147460.0,1148930.0,0.128
2024-07-18 14:05:22+00:00,btc_mxn,1147460.0,1148930.0,0.128
2024-07-18 14:05:24+00:00,btc_mxn,1147460.0,1148930.0,0.128
2024-07-18 14:05:25+00:00,btc_mxn,1147460.0,1148930.0,0.128
2024-07-18 14:05:26+00:00,btc_mxn,1147460.0,1148930.0,0.128
2024-07-18 14:05:27+00:00,btc_mxn,1147460.0,1148930.0,0.128
2024-07-18 14:05:28+00:00,btc_mxn,1147460.0,1148930.0,0.128
2024-07-18 14:05:29+00:00,btc_mxn,1147460.0,1148930.0,0.128
2024-07-18 14:05:30+00:00,btc_mxn,1147460.0,1148930.0,0.128
2024-07-18 14:05:31+00:00,btc_mxn,1147460.0,1148930.0,0.128
2024-07-18 14:05:32+00:00,btc_mxn,1147460.0,1148930.0,0.128
2024-07-18 14:05:33+00:00,btc_mxn,1147460.0,1148930.0,0.128
2024-07-18 14:05:34+00:00,btc_mxn,1147460.0,1148930.0,0.128
2024-07-18 14:05:35+00:00,btc_mxn,1147460.0,1148930.0,0.128
2024-07-18 14:05:36+00:00,btc_mxn,1147460.0,1148930.0,0.128
2024-07-18 14:05:37+00:00,btc_mxn,1147460.0,1148930.0,0.128
2024-07-18 14:05:38+00:00,btc_mxn,1147460.0,1148930.0,0.128
2024-07-18 14:05:39+00:00,btc_mxn,1147460.0,1148930.0,0.128
2024-07-18 14:05:40+00:00,btc_mxn,1147460.0,1148930.0,0.128
2024-07-18 14:05:41+00:00,btc_mxn,1147460.0,1148930.0,0.128
2024-07-18 14:05:42+00:00,btc_mxn,1147460.0,1148930.0,0.128
2024-07-18 14:05:43+00:00,btc_mxn,1147460.0,1148930.0,0.128
2024-07-18 14:05:44+00:00,btc_mxn,1147460.0,1148930.0,0.128
2024-07-18 14:05:45+00:00,btc_mxn,1147460.0,1148930.0,0.128
2024-07-18 14:05:46+00:00,btc_mxn,1147460.0,1148930.0,0.128
2024-07-18 14:05:47+00:00,btc_mxn,1147460.0,1148930.0,0.128
2024-07-18 14:05:48+00:00,btc_mxn,1147460.0,1148930.0,0.128
2024-07-18 14:05:49+00:00,btc_mxn,1147460.0,1148930.0,0.128
2024-07-18 14:05:50+00:00,btc_mxn,1147460.0,1148930.0,0.128
2024-07-18 14:05:51+00:00,btc_mxn,1147460.0,1148930.0,0.128
2024-07-18 14:05:52+00:00,btc_mxn,1147460.0,1148930.0,0.128
2024-07-18 14:05:53+00:00,btc_mxn,1147460.0,1148930.0,0.128
2024-07-18 14:05:54+00:00,btc_mxn,1147460.0,1148930.0,0.128
2024-07-18 14:05:55+00:00,btc_mxn,1147460.0,1148930.0,0.128
2024-07-18 14:05:56+00:00,btc_mxn,1147460.0,1148930.0,0.128
2024-07-18 14:05:57+00:00,btc_mxn,1147460.0,1148930.0,0.128
2024-07-18 14:05:58+00:00,btc_mxn,1147460.0,1148930.0,0.128
2024-07-18 14:05:59+00:00,btc_mxn,1147460.0,1148930.0,0.128
2024-07-18 14:06:00+00:00,btc_mxn,1147460.0,1148930.0,0.128
2024-07-18 14:06:01+00:00,btc_mxn,1147460.0,1148930.0,0.128
2024-07-18 14:06:02+00:00,btc_mxn,1147460.0,1148930.0,0.128
2024-07-18 14:06:03+00:00,btc_mxn,1147460.0,1148930.0,0.128
2024-07-18 14:06:05+00:00,btc_mxn,1147460.0,1148930.0,0.128
2024-07-18 14:06:06+00:00,btc_mxn,1147460.0,1148930.0,0.128
2024-07-18 14:06:06+00:00,btc_mxn,1147460.0,1149100.0,0.143
2024-07-18 14:06:08+00:00,btc_mxn,1147519.98,1147520.02,0.0
2024-07-18 14:06:09+00:00,btc_mxn,1147519.98,1147520.02,0.0
2024-07-18 14:06:10+00:00,btc_mxn,1147519.98,1147520.02,0.0
2024-07-18 14:06:11+00:00,btc_mxn,1147519.98,1147520.02,0.0
2024-07-18 14:06:12+00:00,btc_mxn,1147519.98,1147520.02,0.0
2024-07-18 14:06:13+00:00,btc_mxn,1147519.98,1147520.02,0.0
2024-07-18 14:06:14+00:00,btc_mxn,1147519.98,1147520.02,0.0
2024-07-18 14:06:15+00:00,btc_mxn,1147519.98,1147520.02,0.0
2024-07-18 14:06:16+00:00,btc_mxn,1147519.98,1147520.02,0.0
2024-07-18 14:06:17+00:00,btc_mxn,1147519.98,1147520.02,0.0
2024-07-18 14:06:18+00:00,btc_mxn,1147519.98,1147520.02,0.0
2024-07-18 14:06:19+00:00,btc_mxn,1147519.98,1147520.02,0.0
2024-07-18 14:06:20+00:00,btc_mxn,1147519.98,1147520.02,0.0
2024-07-18 14:06:21+00:00,btc_mxn,1147519.98,1147520.02,0.0
2024-07-18 14:06:22+00:00,btc_mxn,1147519.98,1147520.02,0.0
2024-07-18 14:06:23+00:00,btc_mxn,1147519.98,1147520.02,0.0
2024-07-18 14:06:24+00:00,btc_mxn,1147519.98,1147520.02,0.0
2024-07-18 14:06:25+00:00,btc_mxn,1147519.98,1147520.02,0.0
2024-07-18 14:06:26+00:00,btc_mxn,1147519.98,1147520.02,0.0
2024-07-18 14:06:27+00:00,btc_mxn,1147519.98,1147520.02,0.0
2024-07-18 14:06:28+00:00,btc_mxn,1147519.98,1147520.02,0.0
2024-07-18 14:06:29+00:00,btc_mxn,1147519.98,1147520.02,0.0
2024-07-18 14:06:30+00:00,btc_mxn,1147519.98,1147520.02,0.0
2024-07-18 14:06:31+00:00,btc_mxn,1147519.98,1147520.02,0.0
2024-07-18 14:06:32+00:00,btc_mxn,1147519.98,1147520.02,0.0
2024-07-18 14:06:33+00:00,btc_mxn,1147519.98,1147520.02,0.0
2024-07-18 14:06:34+00:00,btc_mxn,1147519.98,1147520.02,0.0
2024-07-18 14:06:35+00:00,btc_mxn,1147519.98,1147520.02,0.0
2024-07-18 14:06:36+00:00,btc_mxn,1147519.98,1147520.02,0.0
2024-07-18 14:06:37+00:00,btc_mxn,1147519.98,1147520.02,0.0
2024-07-18 14:06:38+00:00,btc_mxn,1147519.98,1147520.02,0.0
2024-07-18 14:06:39+00:00,btc_mxn,1147519.98,1147520.02,0.0
2024-07-18 14:06:40+00:00,btc_mxn,1147519.98,1147520.02,0.0
2024-07-18 14:06:41+00:00,btc_mxn,1147519.98,1147520.02,0.0
2024-07-18 14:06:42+00:00,btc_mxn,1147519.98,1147520.02,0.0
2024-07-18 14:06:43+00:00,btc_mxn,1147519.98,1147520.02,0.0
2024-07-18 14:06:44+00:00,btc_mxn,1147519.98,1147520.02,0.0
2024-07-18 14:06:45+00:00,btc_mxn,1147519.98,1147520.02,0.0
2024-07-18 14:06:46+00:00,btc_mxn,1147519.98,1147520.02,0.0
2024-07-18 14:06:47+00:00,btc_mxn,1147519.98,1147520.02,0.0
2024-07-18 14:06:48+00:00,btc_mxn,1147519.98,1147520.02,0.0
2024-07-18 14:06:49+00:00,btc_mxn,1147519.98,1147520.02,0.0
2024-07-18 14:06:50+00:00,btc_mxn,1147519.98,1147520.02,0.0
2024-07-18 14:06:51+00:00,btc_mxn,1147519.98,1147520.02,0.0
2024-07-18 14:06:52+00:00,btc_mxn,1147519.98,1147520.02,0.0
2024-07-18 14:06:53+00:00,btc_mxn,1147519.98,1147520.02,0.0
2024-07-18 14:06:54+00:00,btc_mxn,1147519.98,1147520.02,0.0
2024-07-18 14:06:55+00:00,btc_mxn,1147519.98,1147520.02,0.0
2024-07-18 14:06:56+00:00,btc_mxn,1147519.98,1147520.02,0.0
2024-07-18 14:06:57+00:00,btc_mxn,1147519.98,1147520.02,0.0
2024-07-18 14:06:58+00:00,btc_mxn,1147519.98,1147520.02,0.0
2024-07-18 14:06:59+00:00,btc_mxn,1147519.98,1147520.02,0.0
2024-07-18 14:07:00+00:00,btc_mxn,1147519.98,1147520.02,0.0
2024-07-18 14:07:01+00:00,btc_mxn,1147519.98,1147520.02,0.0
2024-07-18 14:07:02+00:00,btc_mxn,1147519.98,1147520.02,0.0
2024-07-18 14:07:03+00:00,btc_mxn,1147519.98,1147520.02,0.0
2024-07-18 14:07:04+00:00,btc_mxn,1147519.98,1147520.02,0.0
2024-07-18 14:07:05+00:00,btc_mxn,1147519.98,1147520.02,0.0
2024-07-18 14:07:06+00:00,btc_mxn,1147519.98,1147520.02,0.0
2024-07-18 14:07:08+00:00,btc_mxn,1147519.98,1147520.02,0.0
2024-07-18 14:07:08+00:00,btc_mxn,1147519.98,1147520.02,0.0
2024-07-18 14:07:09+00:00,btc_mxn,1147519.98,1147520.02,0.0
2024-07-18 14:07:11+00:00,btc_mxn,1147519.98,1147520.02,0.0
2024-07-18 14:07:12+00:00,btc_mxn,1147519.98,1147520.02,0.0
2024-07-18 14:07:13+00:00,btc_mxn,1147519.98,1147520.02,0.0
2024-07-18 14:07:14+00:00,btc_mxn,1147519.98,1147520.02,0.0
2024-07-18 14:07:15+00:00,btc_mxn,1147519.98,1147520.02,0.0
2024-07-18 14:07:16+00:00,btc_mxn,1147519.98,1147520.02,0.0
2024-07-18 14:07:17+00:00,btc_mxn,1147519.98,1147520.02,0.0
2024-07-18 14:07:18+00:00,btc_mxn,1147519.98,1147520.02,0.0
2024-07-18 14:07:19+00:00,btc_mxn,1147519.98,1147520.02,0.0
2024-07-18 14:07:20+00:00,btc_mxn,1147519.98,1147520.02,0.0
2024-07-18 14:07:21+00:00,btc_mxn,1147519.98,1147520.02,0.0
2024-07-18 14:07:22+00:00,btc_mxn,1147519.98,1147520.02,0.0
2024-07-18 14:07:23+00:00,btc_mxn,1147519.98,1147520.02,0.0
2024-07-18 14:07:24+00:00,btc_mxn,1147519.98,1147520.02,0.0
2024-07-18 14:07:25+00:00,btc_mxn,1147519.98,1147520.02,0.0
2024-07-18 14:07:26+00:00,btc_mxn,1147519.98,1147520.02,0.0
2024-07-18 14:07:27+00:00,btc_mxn,1147519.98,1147520.02,0.0
2024-07-18 14:07:28+00:00,btc_mxn,1147519.98,1147520.02,0.0
2024-07-18 14:07:29+00:00,btc_mxn,1147519.98,1147520.02,0.0
2024-07-18 14:07:30+00:00,btc_mxn,1147519.98,1147520.02,0.0
2024-07-18 14:07:31+00:00,btc_mxn,1147519.98,1147520.02,0.0
2024-07-18 14:07:32+00:00,btc_mxn,1147519.98,1147520.02,0.0
2024-07-18 14:07:33+00:00,btc_mxn,1147519.98,1147520.02,0.0
2024-07-18 14:07:34+00:00,btc_mxn,1147519.98,1147520.02,0.0
2024-07-18 14:07:35+00:00,btc_mxn,1147519.98,1147520.02,0.0
2024-07-18 14:07:36+00:00,btc_mxn,1147519.98,1147520.02,0.0
2024-07-18 14:07:37+00:00,btc_mxn,1147519.98,1147520.02,0.0
2024-07-18 14:07:38+00:00,btc_mxn,1147519.98,1147520.02,0.0
2024-07-18 14:07:39+00:00,btc_mxn,1147519.98,1147520.02,0.0
2024-07-18 14:07:40+00:00,btc_mxn,1147519.98,1147520.02,0.0
2024-07-18 14:07:41+00:00,btc_mxn,1147519.98,1147520.02,0.0
2024-07-18 14:07:42+00:00,btc_mxn,1147519.98,1147520.02,0.0
2024-07-18 14:07:43+00:00,btc_mxn,1147519.98,1147520.02,0.0
2024-07-18 14:07:44+00:00,btc_mxn,1147519.98,1147520.02,0.0
2024-07-18 14:07:45+00:00,btc_mxn,1147519.98,1147520.02,0.0
2024-07-18 14:07:46+00:00,btc_mxn,1147519.98,1147520.02,0.0
2024-07-18 14:07:47+00:00,btc_mxn,1147519.98,1147520.02,0.0
2024-07-18 14:07:48+00:00,btc_mxn,1147519.98,1147520.02,0.0
2024-07-18 14:07:49+00:00,btc_mxn,1147519.98,1147520.02,0.0
2024-07-18 14:07:50+00:00,btc_mxn,1147519.98,1147520.02,0.0
2024-07-18 14:07:51+00:00,btc_mxn,1147519.98,1147520.02,0.0
2024-07-18 14:07:52+00:00,btc_mxn,1147519.98,1147520.02,0.0
2024-07-18 14:07:53+00:00,btc_mxn,1147519.98,1147520.02,0.0
2024-07-18 14:07:54+00:00,btc_mxn,1147519.98,1147520.02,0.0
2024-07-18 14:07:55+00:00,btc_mxn,1147519.98,1147520.02,0.0
2024-07-18 14:07:56+00:00,btc_mxn,1147519.98,1147520.02,0.0
2024-07-18 14:07:57+00:00,btc_mxn,1147519.98,1147520.02,0.0
2024-07-18 14:07:58+00:00,btc_mxn,1147519.98,1147520.02,0.0
2024-07-18 14:07:59+00:00,btc_mxn,1147519.98,1147520.02,0.0
2024-07-18 14:08:00+00:00,btc_mxn,1147519.98,1147520.02,0.0
2024-07-18 14:08:01+00:00,btc_mxn,1147519.98,1147520.02,0.0
2024-07-18 14:08:02+00:00,btc_mxn,1147519.98,1147520.02,0.0
2024-07-18 14:08:03+00:00,btc_mxn,1147519.98,1147520.02,0.0
2024-07-18 14:08:04+00:00,btc_mxn,1147519.98,1147520.02,0.0
2024-07-18 14:08:05+00:00,btc_mxn,1147519.98,1147520.02,0.0
2024-07-18 14:08:06+00:00,btc_mxn,1147519.98,1147520.02,0.0
2024-07-18 14:08:07+00:00,btc_mxn,1147519.98,1147520.02,0.0
2024-07-18 14:08:08+00:00,btc_mxn,1147519.98,1147520.02,0.0
2024-07-18 14:08:09+00:00,btc_mxn,1147519.98,1147520.02,0.0
2024-07-18 14:08:10+00:00,btc_mxn,1147519.98,1147520.02,0.0
2024-07-18 14:08:11+00:00,btc_mxn,1147519.98,1147520.02,0.0
2024-07-18 14:08:12+00:00,btc_mxn,1147519.98,1147520.02,0.0
2024-07-18 14:08:13+00:00,btc_mxn,1147519.98,1147520.02,0.0
2024-07-18 14:08:14+00:00,btc_mxn,1147519.98,1147520.02,0.0
2024-07-18 14:08:15+00:00,btc_mxn,1147519.98,1147520.02,0.0
2024-07-18 14:08:16+00:00,btc_mxn,1147519.98,1147520.02,0.0
2024-07-18 14:08:18+00:00,btc_mxn,1147519.98,1147520.02,0.0
2024-07-18 14:08:18+00:00,btc_mxn,1147519.98,1147520.02,0.0
2024-07-18 14:08:19+00:00,btc_mxn,1147519.98,1147520.02,0.0
2024-07-18 14:08:21+00:00,btc_mxn,1147519.98,1147520.02,0.0
2024-07-18 14:08:22+00:00,btc_mxn,1147519.98,1147520.02,0.0
2024-07-18 14:08:23+00:00,btc_mxn,1147519.98,1147520.02,0.0
2024-07-18 14:08:24+00:00,btc_mxn,1147519.98,1147520.02,0.0
2024-07-18 14:08:25+00:00,btc_mxn,1147519.98,1147520.02,0.0
2024-07-18 14:08:26+00:00,btc_mxn,1147519.98,1147520.02,0.0
2024-07-18 14:08:27+00:00,btc_mxn,1147519.98,1147520.02,0.0
2024-07-18 14:08:28+00:00,btc_mxn,1147519.98,1147520.02,0.0
2024-07-18 14:08:29+00:00,btc_mxn,1147519.98,1147520.02,0.0
2024-07-18 14:08:30+00:00,btc_mxn,1147519.98,1147520.02,0.0
2024-07-18 14:08:31+00:00,btc_mxn,1147519.98,1147520.02,0.0
2024-07-18 14:08:32+00:00,btc_mxn,1147519.98,1147520.02,0.0
2024-07-18 14:08:33+00:00,btc_mxn,1147519.98,1147520.02,0.0
2024-07-18 14:08:34+00:00,btc_mxn,1147519.98,1147520.02,0.0
2024-07-18 14:08:35+00:00,btc_mxn,1147519.98,1147520.02,0.0
2024-07-18 14:08:36+00:00,btc_mxn,1147519.98,1147520.02,0.0
2024-07-18 14:08:37+00:00,btc_mxn,1147519.98,1147520.02,0.0
2024-07-18 14:08:38+00:00,btc_mxn,1147519.98,1147520.02,0.0
2024-07-18 14:08:39+00:00,btc_mxn,1147519.98,1147520.02,0.0
2024-07-18 14:08:40+00:00,btc_mxn,1147519.98,1147520.02,0.0
2024-07-18 14:08:41+00:00,btc_mxn,1147519.98,1147520.02,0.0
2024-07-18 14:08:42+00:00,btc_mxn,1147519.98,1147520.02,0.0
2024-07-18 14:08:43+00:00,btc_mxn,1147519.98,1147520.02,0.0
2024-07-18 14:08:44+00:00,btc_mxn,1147519.98,1147520.02,0.0
2024-07-18 14:08:45+00:00,btc_mxn,1147519.98,1147520.02,0.0
2024-07-18 14:08:46+00:00,btc_mxn,1147519.98,1147520.02,0.0
2024-07-18 14:08:47+00:00,btc_mxn,1147519.98,1147520.02,0.0
2024-07-18 14:08:48+00:00,btc_mxn,1147519.98,1147520.02,0.0
2024-07-18 14:08:49+00:00,btc_mxn,1147519.98,1147520.02,0.0
2024-07-18 14:08:50+00:00,btc_mxn,1147519.98,1147520.02,0.0
2024-07-18 14:08:51+00:00,btc_mxn,1147519.98,1147520.02,0.0
2024-07-18 14:08:52+00:00,btc_mxn,1147519.98,1147520.02,0.0
2024-07-18 14:08:53+00:00,btc_mxn,1147519.98,1147520.02,0.0
2024-07-18 14:08:54+00:00,btc_mxn,1147519.98,1147520.02,0.0
2024-07-18 14:08:55+00:00,btc_mxn,1147519.98,1147520.02,0.0
2024-07-18 14:08:56+00:00,btc_mxn,1147519.98,1147520.02,0.0
2024-07-18 14:08:57+00:00,btc_mxn,1147519.98,1147520.02,0.0
2024-07-18 14:08:58+00:00,btc_mxn,1147519.98,1147520.02,0.0
2024-07-18 14:08:59+00:00,btc_mxn,1147519.98,1147520.02,0.0
2024-07-18 14:09:00+00:00,btc_mxn,1147519.98,1147520.02,0.0
2024-07-18 14:09:01+00:00,btc_mxn,1147519.98,1147520.02,0.0
2024-07-18 14:09:02+00:00,btc_mxn,1147519.98,1147520.02,0.0
2024-07-18 14:09:03+00:00,btc_mxn,1147519.98,1147520.02,0.0
2024-07-18 14:09:04+00:00,btc_mxn,1147519.98,1147520.02,0.0
2024-07-18 14:09:05+00:00,btc_mxn,1147519.98,1147520.02,0.0
2024-07-18 14:09:06+00:00,btc_mxn,1147519.98,1147520.02,0.0
2024-07-18 14:09:07+00:00,btc_mxn,1147519.98,1147520.02,0.0
2024-07-18 14:09:08+00:00,btc_mxn,1147519.98,1147520.02,0.0
2024-07-18 14:09:09+00:00,btc_mxn,1147519.98,1147520.02,0.0
2024-07-18 14:09:10+00:00,btc_mxn,1147519.98,1147520.02,0.0
2024-07-18 14:09:11+00:00,btc_mxn,1147519.98,1147520.02,0.0
2024-07-18 14:09:12+00:00,btc_mxn,1147519.98,1147520.02,0.0
2024-07-18 14:09:13+00:00,btc_mxn,1147519.98,1147520.02,0.0
2024-07-18 14:09:14+00:00,btc_mxn,1147519.98,1147520.02,0.0
2024-07-18 14:09:15+00:00,btc_mxn,1147519.98,1147520.02,0.0
2024-07-18 14:09:16+00:00,btc_mxn,1147519.98,1147520.02,0.0
2024-07-18 14:09:17+00:00,btc_mxn,1147519.98,1147520.02,0.0
2024-07-18 14:09:18+00:00,btc_mxn,1147519.98,1147520.02,0.0
2024-07-18 14:09:19+00:00,btc_mxn,1147519.98,1147520.02,0.0
2024-07-18 14:09:20+00:00,btc_mxn,1147519.98,1147520.02,0.0
2024-07-18 14:09:21+00:00,btc_mxn,1147519.98,1147520.02,0.0
2024-07-18 14:09:22+00:00,btc_mxn,1147519.98,1147520.02,0.0
2024-07-18 14:09:23+00:00,btc_mxn,1147519.98,1147520.02,0.0
2024-07-18 14:09:24+00:00,btc_mxn,1147519.98,1147520.02,0.0
2024-07-18 14:09:25+00:00,btc_mxn,1147519.98,1147520.02,0.0
2024-07-18 14:09:26+00:00,btc_mxn,1147519.98,1147520.02,0.0
2024-07-18 14:09:27+00:00,btc_mxn,1147519.98,1147520.02,0.0
2024-07-18 14:09:28+00:00,btc_mxn,1147519.98,1147520.02,0.0
2024-07-18 14:09:29+00:00,btc_mxn,1147519.98,1147520.02,0.0
2024-07-18 14:09:30+00:00,btc_mxn,1147519.98,1147520.02,0.0
2024-07-18 14:09:31+00:00,btc_mxn,1147519.98,1147520.02,0.0
2024-07-18 14:09:32+00:00,btc_mxn,1147519.98,1147520.02,0.0
2024-07-18 14:09:33+00:00,btc_mxn,1147519.98,1147520.02,0.0
2024-07-18 14:09:34+00:00,btc_mxn,1147519.98,1147520.02,0.0
2024-07-18 14:09:36+00:00,btc_mxn,1147519.98,1147520.02,0.0
2024-07-18 14:09:36+00:00,btc_mxn,1147519.98,1147520.02,0.0
2024-07-18 14:09:37+00:00,btc_mxn,1147519.98,1147520.02,0.0
2024-07-18 14:09:38+00:00,btc_mxn,1147519.98,1147520.02,0.0
2024-07-18 14:09:39+00:00,btc_mxn,1147519.98,1147520.02,0.0
2024-07-18 14:09:41+00:00,btc_mxn,1147519.98,1147520.02,0.0
2024-07-18 14:09:42+00:00,btc_mxn,1147519.98,1147520.02,0.0
2024-07-18 14:09:43+00:00,btc_mxn,1147519.98,1147520.02,0.0
2024-07-18 14:09:44+00:00,btc_mxn,1147519.98,1147520.02,0.0
2024-07-18 14:09:45+00:00,btc_mxn,1147519.98,1147520.02,0.0
2024-07-18 14:09:46+00:00,btc_mxn,1147519.98,1147520.02,0.0
2024-07-18 14:09:47+00:00,btc_mxn,1147519.98,1147520.02,0.0
2024-07-18 14:09:48+00:00,btc_mxn,1147519.98,1147520.02,0.0
2024-07-18 14:09:49+00:00,btc_mxn,1147519.98,1147520.02,0.0
2024-07-18 14:09:50+00:00,btc_mxn,1147519.98,1147520.02,0.0
2024-07-18 14:09:51+00:00,btc_mxn,1147519.98,1147520.02,0.0
2024-07-18 14:09:52+00:00,btc_mxn,1147519.98,1147520.02,0.0
2024-07-18 14:09:53+00:00,btc_mxn,1147519.98,1147520.02,0.0
2024-07-18 14:09:54+00:00,btc_mxn,1147519.98,1147520.02,0.0
2024-07-18 14:09:55+00:00,btc_mxn,1147519.98,1147520.02,0.0
2024-07-18 14:09:56+00:00,btc_mxn,1147519.98,1147520.02,0.0
2024-07-18 14:09:57+00:00,btc_mxn,1147519.98,1147520.02,0.0
2024-07-18 14:09:58+00:00,btc_mxn,1147519.98,1147520.02,0.0
2024-07-18 14:09:59+00:00,btc_mxn,1147519.98,1147520.02,0.0
2024-07-18 14:10:00+00:00,btc_mxn,1147519.98,1147520.02,0.0
2024-07-18 14:10:01+00:00,btc_mxn,1147519.98,1147520.02,0.0
2024-07-18 14:10:02+00:00,btc_mxn,1147519.98,1147520.02,0.0
2024-07-18 14:10:03+00:00,btc_mxn,1147519.98,1147520.02,0.0
2024-07-18 14:10:04+00:00,btc_mxn,1147519.98,1147520.02,0.0
2024-07-18 14:10:05+00:00,btc_mxn,1147519.98,1147520.02,0.0
2024-07-18 14:10:06+00:00,btc_mxn,1147519.98,1147520.02,0.0
2024-07-18 14:10:07+00:00,btc_mxn,1147519.98,1147520.02,0.0
2024-07-18 14:10:08+00:00,btc_mxn,1147519.98,1147520.02,0.0
2024-07-18 14:10:09+00:00,btc_mxn,1147519.98,1147520.02,0.0
2024-07-18 14:10:10+00:00,btc_mxn,1147519.98,1147520.02,0.0
2024-07-18 14:10:11+00:00,btc_mxn,1147519.98,1147520.02,0.0
2024-07-18 14:10:12+00:00,btc_mxn,1147519.98,1147520.02,0.0
2024-07-18 14:10:13+00:00,btc_mxn,1147519.98,1147520.02,0.0
2024-07-18 14:10:14+00:00,btc_mxn,1147519.98,1147520.02,0.0
2024-07-18 14:10:15+00:00,btc_mxn,1147519.98,1147520.02,0.0
2024-07-18 14:10:16+00:00,btc_mxn,1147519.98,1147520.02,0.0
2024-07-18 14:10:17+00:00,btc_mxn,1147519.98,1147520.02,0.0
2024-07-18 14:10:18+00:00,btc_mxn,1147519.98,1147520.02,0.0
2024-07-18 14:10:19+00:00,btc_mxn,1147519.98,1147520.02,0.0
2024-07-18 14:10:20+00:00,btc_mxn,1147519.98,1147520.02,0.0
2024-07-18 14:10:21+00:00,btc_mxn,1147519.98,1147520.02,0.0
2024-07-18 14:10:22+00:00,btc_mxn,1147519.98,1147520.02,0.0
2024-07-18 14:10:23+00:00,btc_mxn,1147519.98,1147520.02,0.0
2024-07-18 14:10:24+00:00,btc_mxn,1147519.98,1147520.02,0.0
2024-07-18 14:10:25+00:00,btc_mxn,1147519.98,1147520.02,0.0
2024-07-18 14:10:26+00:00,btc_mxn,1147519.98,1147520.02,0.0
2024-07-18 14:10:27+00:00,btc_mxn,1147519.98,1147520.02,0.0
2024-07-18 14:10:28+00:00,btc_mxn,1147519.98,1147520.02,0.0
2024-07-18 14:10:29+00:00,btc_mxn,1147519.98,1147520.02,0.0
2024-07-18 14:10:30+00:00,btc_mxn,1147519.98,1147520.02,0.0
2024-07-18 14:10:31+00:00,btc_mxn,1147519.98,1147520.02,0.0
2024-07-18 14:10:32+00:00,btc_mxn,1147519.98,1147520.02,0.0
2024-07-18 14:10:33+00:00,btc_mxn,1147519.98,1147520.02,0.0
2024-07-18 14:10:34+00:00,btc_mxn,1147519.98,1147520.02,0.0
2024-07-18 14:10:35+00:00,btc_mxn,1147519.98,1147520.02,0.0
2024-07-18 14:10:36+00:00,btc_mxn,1147519.98,1147520.02,0.0
2024-07-18 14:10:37+00:00,btc_mxn,1147519.98,1147520.02,0.0
2024-07-18 14:10:38+00:00,btc_mxn,1147519.98,1147520.02,0.0
2024-07-18 14:10:39+00:00,btc_mxn,1147519.98,1147520.02,0.0
2024-07-18 14:10:40+00:00,btc_mxn,1147519.98,1147520.02,0.0
2024-07-18 14:10:41+00:00,btc_mxn,1147519.98,1147520.02,0.0
2024-07-18 14:10:42+00:00,btc_mxn,1147519.98,1147520.02,0.0
2024-07-18 14:10:43+00:00,btc_mxn,1147519.98,1147520.02,0.0
2024-07-18 14:10:44+00:00,btc_mxn,1147519.98,1147520.02,0.0
2024-07-18 14:10:45+00:00,btc_mxn,1147519.98,1147520.02,0.0
2024-07-18 14:10:47+00:00,btc_mxn,1147519.98,1147520.02,0.0
2024-07-18 14:10:48+00:00,btc_mxn,1147519.98,1147520.02,0.0
2024-07-18 14:10:49+00:00,btc_mxn,1147519.98,1147520.02,0.0
2024-07-18 14:10:50+00:00,btc_mxn,1147519.98,1147520.02,0.0
2024-07-18 14:10:51+00:00,btc_mxn,1147519.98,1147520.02,0.0
2024-07-18 14:10:52+00:00,btc_mxn,1147519.98,1147520.02,0.0
2024-07-18 14:10:53+00:00,btc_mxn,1147519.98,1147520.02,0.0
2024-07-18 14:10:54+00:00,btc_mxn,1147519.98,1147520.02,0.0
2024-07-18 14:10:55+00:00,btc_mxn,1147519.98,1147520.02,0.0
2024-07-18 14:10:56+00:00,btc_mxn,1147519.98,1147520.02,0.0
2024-07-18 14:10:57+00:00,btc_mxn,1147519.98,1147520.02,0.0
2024-07-18 14:10:58+00:00,btc_mxn,1147519.98,1147520.02,0.0
2024-07-18 14:10:59+00:00,btc_mxn,1147519.98,1147520.02,0.0
2024-07-18 14:11:00+00:00,btc_mxn,1147519.98,1147520.02,0.0
2024-07-18 14:11:01+00:00,btc_mxn,1147519.98,1147520.02,0.0
2024-07-18 14:11:02+00:00,btc_mxn,1147519.98,1147520.02,0.0
2024-07-18 14:11:03+00:00,btc_mxn,1147519.98,1147520.02,0.0
2024-07-18 14:11:04+00:00,btc_mxn,1147519.98,1147520.02,0.0
2024-07-18 14:11:05+00:00,btc_mxn,1147519.98,1147520.02,0.0
2024-07-18 14:11:06+00:00,btc_mxn,1147519.98,1147520.02,0.0
2024-07-18 14:11:07+00:00,btc_mxn,1147999.98,1148000.02,0.0
2024-07-18 14:11:08+00:00,btc_mxn,1147999.98,1148000.02,0.0
2024-07-18 14:11:09+00:00,btc_mxn,1147999.98,1148000.02,0.0
2024-07-18 14:11:10+00:00,btc_mxn,1147999.98,1148000.02,0.0
2024-07-18 14:11:11+00:00,btc_mxn,1147999.98,1148000.02,0.0
2024-07-18 14:11:12+00:00,btc_mxn,1147999.98,1148000.02,0.0
2024-07-18 14:11:13+00:00,btc_mxn,1147999.98,1148000.02,0.0
2024-07-18 14:11:14+00:00,btc_mxn,1147999.98,1148000.02,0.0
2024-07-18 14:11:15+00:00,btc_mxn,1147999.98,1148000.02,0.0
2024-07-18 14:11:16+00:00,btc_mxn,1147999.98,1148000.02,0.0
2024-07-18 14:11:17+00:00,btc_mxn,1147999.98,1148000.02,0.0
2024-07-18 14:11:18+00:00,btc_mxn,1147999.98,1148000.02,0.0
2024-07-18 14:11:19+00:00,btc_mxn,1147999.98,1148000.02,0.0
2024-07-18 14:11:20+00:00,btc_mxn,1147999.98,1148000.02,0.0
2024-07-18 14:11:21+00:00,btc_mxn,1147999.98,1148000.02,0.0
2024-07-18 14:11:22+00:00,btc_mxn,1147999.98,1148000.02,0.0
2024-07-18 14:11:23+00:00,btc_mxn,1147999.98,1148000.02,0.0
2024-07-18 14:11:24+00:00,btc_mxn,1147999.98,1148000.02,0.0
2024-07-18 14:11:25+00:00,btc_mxn,1147999.98,1148000.02,0.0
2024-07-18 14:11:26+00:00,btc_mxn,1147999.98,1148000.02,0.0
2024-07-18 14:11:27+00:00,btc_mxn,1147999.98,1148000.02,0.0
2024-07-18 14:11:28+00:00,btc_mxn,1147999.98,1148000.02,0.0
2024-07-18 14:11:30+00:00,btc_mxn,1147999.98,1148000.02,0.0
2024-07-18 14:11:31+00:00,btc_mxn,1147999.98,1148000.02,0.0
2024-07-18 14:11:32+00:00,btc_mxn,1147999.98,1148000.02,0.0
2024-07-18 14:11:33+00:00,btc_mxn,1147999.98,1148000.02,0.0
2024-07-18 14:11:34+00:00,btc_mxn,1147999.98,1148000.02,0.0
2024-07-18 14:11:35+00:00,btc_mxn,1147999.98,1148000.02,0.0
2024-07-18 14:11:36+00:00,btc_mxn,1147999.98,1148000.02,0.0
2024-07-18 14:11:37+00:00,btc_mxn,1147999.98,1148000.02,0.0
2024-07-18 14:11:38+00:00,btc_mxn,1147999.98,1148000.02,0.0
2024-07-18 14:11:39+00:00,btc_mxn,1147999.98,1148000.02,0.0
2024-07-18 14:11:40+00:00,btc_mxn,1147999.98,1148000.02,0.0
2024-07-18 14:11:41+00:00,btc_mxn,1147999.98,1148000.02,0.0
2024-07-18 14:11:42+00:00,btc_mxn,1147999.98,1148000.02,0.0
2024-07-18 14:11:43+00:00,btc_mxn,1147999.98,1148000.02,0.0
2024-07-18 14:11:44+00:00,btc_mxn,1147999.98,1148000.02,0.0
2024-07-18 14:11:45+00:00,btc_mxn,1147999.98,1148000.02,0.0
2024-07-18 14:11:46+00:00,btc_mxn,1147999.98,1148000.02,0.0
2024-07-18 14:11:47+00:00,btc_mxn,1147999.98,1148000.02,0.0
2024-07-18 14:11:49+00:00,btc_mxn,1147999.98,1148000.02,0.0
2024-07-18 14:11:49+00:00,btc_mxn,1147999.98,1148000.02,0.0
2024-07-18 14:11:51+00:00,btc_mxn,1147999.98,1148000.02,0.0
2024-07-18 14:11:52+00:00,btc_mxn,1147999.98,1148000.02,0.0
2024-07-18 14:11:53+00:00,btc_mxn,1147999.98,1148000.02,0.0
2024-07-18 14:11:54+00:00,btc_mxn,1147999.98,1148000.02,0.0
2024-07-18 14:11:55+00:00,btc_mxn,1147999.98,1148000.02,0.0
2024-07-18 14:11:56+00:00,btc_mxn,1147999.98,1148000.02,0.0
2024-07-18 14:11:57+00:00,btc_mxn,1147999.98,1148000.02,0.0
2024-07-18 14:11:58+00:00,btc_mxn,1147999.98,1148000.02,0.0
2024-07-18 14:11:59+00:00,btc_mxn,1147999.98,1148000.02,0.0
2024-07-18 14:12:00+00:00,btc_mxn,1147999.98,1148000.02,0.0
2024-07-18 14:12:01+00:00,btc_mxn,1147999.98,1148000.02,0.0
2024-07-18 14:12:02+00:00,btc_mxn,1147999.98,1148000.02,0.0
2024-07-18 14:12:03+00:00,btc_mxn,1147999.98,1148000.02,0.0
2024-07-18 14:12:04+00:00,btc_mxn,1147999.98,1148000.02,0.0
2024-07-18 14:12:05+00:00,btc_mxn,1147999.98,1148000.02,0.0
2024-07-18 14:12:06+00:00,btc_mxn,1147999.98,1148000.02,0.0
2024-07-18 14:12:07+00:00,btc_mxn,1147999.98,1148000.02,0.0
2024-07-18 14:12:08+00:00,btc_mxn,1147999.98,1148000.02,0.0
2024-07-18 14:12:09+00:00,btc_mxn,1147999.98,1148000.02,0.0
2024-07-18 14:12:10+00:00,btc_mxn,1147999.98,1148000.02,0.0
2024-07-18 14:12:11+00:00,btc_mxn,1147999.98,1148000.02,0.0
2024-07-18 14:12:12+00:00,btc_mxn,1147999.98,1148000.02,0.0
2024-07-18 14:12:13+00:00,btc_mxn,1147999.98,1148000.02,0.0
2024-07-18 14:12:14+00:00,btc_mxn,1147999.98,1148000.02,0.0
2024-07-18 14:12:15+00:00,btc_mxn,1147999.98,1148000.02,0.0
2024-07-18 14:12:16+00:00,btc_mxn,1147999.98,1148000.02,0.0
2024-07-18 14:12:17+00:00,btc_mxn,1147999.98,1148000.02,0.0
2024-07-18 14:12:18+00:00,btc_mxn,1147999.98,1148000.02,0.0
2024-07-18 14:12:19+00:00,btc_mxn,1147999.98,1148000.02,0.0
2024-07-18 14:12:20+00:00,btc_mxn,1147999.98,1148000.02,0.0
2024-07-18 14:12:21+00:00,btc_mxn,1147999.98,1148000.02,0.0
