orderbook_timestamp,book,bid,ask,spread
2024-07-17 17:48:43+00:00,usd_mxn,17.7,17.72,0.113
2024-07-17 17:48:44+00:00,usd_mxn,17.7,17.72,0.113
2024-07-17 17:48:45+00:00,usd_mxn,17.7,17.72,0.113
2024-07-17 17:48:46+00:00,usd_mxn,17.7,17.72,0.113
2024-07-17 17:48:47+00:00,usd_mxn,17.7,17.72,0.113
2024-07-17 17:48:48+00:00,usd_mxn,17.7,17.72,0.113
2024-07-17 17:48:49+00:00,usd_mxn,17.7,17.72,0.113
2024-07-17 17:48:50+00:00,usd_mxn,17.7,17.72,0.113
2024-07-17 17:48:51+00:00,usd_mxn,17.7,17.72,0.113
2024-07-17 17:48:52+00:00,usd_mxn,17.7,17.72,0.113
2024-07-17 17:48:53+00:00,usd_mxn,17.7,17.72,0.113
2024-07-17 17:48:54+00:00,usd_mxn,17.7,17.72,0.113
2024-07-17 17:48:55+00:00,usd_mxn,17.7,17.72,0.113
2024-07-17 17:48:56+00:00,usd_mxn,17.7,17.72,0.113
2024-07-17 17:48:57+00:00,usd_mxn,17.7,17.72,0.113
2024-07-17 17:48:58+00:00,usd_mxn,17.7,17.72,0.113
2024-07-17 17:48:59+00:00,usd_mxn,17.7,17.72,0.113
2024-07-17 17:49:00+00:00,usd_mxn,17.7,17.72,0.113
2024-07-17 17:49:01+00:00,usd_mxn,17.7,17.72,0.113
2024-07-17 17:49:02+00:00,usd_mxn,17.7,17.72,0.113
2024-07-17 17:49:03+00:00,usd_mxn,17.7,17.72,0.113
2024-07-17 17:49:04+00:00,usd_mxn,17.7,17.72,0.113
2024-07-17 17:49:05+00:00,usd_mxn,17.7,17.72,0.113
2024-07-17 17:49:06+00:00,usd_mxn,17.7,17.72,0.113
2024-07-17 17:49:07+00:00,usd_mxn,17.7,17.72,0.113
2024-07-17 17:49:08+00:00,usd_mxn,17.7,17.72,0.113
2024-07-17 17:49:09+00:00,usd_mxn,17.7,17.72,0.113
2024-07-17 17:49:10+00:00,usd_mxn,17.7,17.72,0.113
2024-07-17 17:49:12+00:00,usd_mxn,17.7,17.72,0.113
2024-07-17 17:49:13+00:00,usd_mxn,17.7,17.72,0.113
2024-07-17 17:49:14+00:00,usd_mxn,17.7,17.72,0.113
2024-07-17 17:49:15+00:00,usd_mxn,17.7,17.72,0.113
2024-07-17 17:49:16+00:00,usd_mxn,17.7,17.72,0.113
2024-07-17 17:49:17+00:00,usd_mxn,17.7,17.72,0.113
2024-07-17 17:49:18+00:00,usd_mxn,17.7,17.72,0.113
2024-07-17 17:49:19+00:00,usd_mxn,17.7,17.72,0.113
2024-07-17 17:49:20+00:00,usd_mxn,17.7,17.72,0.113
2024-07-17 17:49:21+00:00,usd_mxn,17.7,17.72,0.113
2024-07-17 17:49:22+00:00,usd_mxn,17.7,17.72,0.113
2024-07-17 17:49:23+00:00,usd_mxn,17.7,17.72,0.113
2024-07-17 17:49:24+00:00,usd_mxn,17.7,17.72,0.113
2024-07-17 17:49:25+00:00,usd_mxn,17.7,17.72,0.113
2024-07-17 17:49:26+00:00,usd_mxn,17.7,17.72,0.113
2024-07-17 17:49:27+00:00,usd_mxn,17.7,17.72,0.113
2024-07-17 17:49:29+00:00,usd_mxn,17.7,17.72,0.113
2024-07-17 17:49:29+00:00,usd_mxn,17.7,17.72,0.113
2024-07-17 17:49:30+00:00,usd_mxn,17.7,17.72,0.113
2024-07-17 17:49:31+00:00,usd_mxn,17.7,17.72,0.113
2024-07-17 17:49:32+00:00,usd_mxn,17.7,17.72,0.113
2024-07-17 17:49:33+00:00,usd_mxn,17.7,17.72,0.113
2024-07-17 17:49:34+00:00,usd_mxn,17.7,17.72,0.113
2024-07-17 17:49:35+00:00,usd_mxn,17.7,17.72,0.113
2024-07-17 17:49:36+00:00,usd_mxn,17.7,17.72,0.113
2024-07-17 17:49:37+00:00,usd_mxn,17.7,17.72,0.113
2024-07-17 17:49:38+00:00,usd_mxn,17.7,17.72,0.113
2024-07-17 17:49:39+00:00,usd_mxn,17.7,17.72,0.113
2024-07-17 17:49:40+00:00,usd_mxn,17.7,17.72,0.113
2024-07-17 17:49:41+00:00,usd_mxn,17.7,17.72,0.113
2024-07-17 17:49:42+00:00,usd_mxn,17.7,17.72,0.113
2024-07-17 17:49:43+00:00,usd_mxn,17.7,17.72,0.113
2024-07-17 17:49:44+00:00,usd_mxn,17.7,17.72,0.113
2024-07-17 17:49:45+00:00,usd_mxn,17.7,17.72,0.113
2024-07-17 17:49:46+00:00,usd_mxn,17.7,17.72,0.113
2024-07-17 17:49:47+00:00,usd_mxn,17.7,17.72,0.113
2024-07-17 17:49:48+00:00,usd_mxn,17.7,17.72,0.113
2024-07-17 17:49:49+00:00,usd_mxn,17.7,17.72,0.113
2024-07-17 17:49:50+00:00,usd_mxn,17.7,17.72,0.113
2024-07-17 17:49:51+00:00,usd_mxn,17.7,17.72,0.113
2024-07-17 17:49:52+00:00,usd_mxn,17.7,17.72,0.113
2024-07-17 17:49:53+00:00,usd_mxn,17.7,17.72,0.113
2024-07-17 17:49:54+00:00,usd_mxn,17.7,17.72,0.113
2024-07-17 17:49:55+00:00,usd_mxn,17.7,17.72,0.113
2024-07-17 17:49:56+00:00,usd_mxn,17.7,17.72,0.113
2024-07-17 17:49:57+00:00,usd_mxn,17.7,17.72,0.113
2024-07-17 17:49:58+00:00,usd_mxn,17.7,17.72,0.113
2024-07-17 17:49:59+00:00,usd_mxn,17.7,17.72,0.113
2024-07-17 17:50:00+00:00,usd_mxn,17.7,17.72,0.113
2024-07-17 17:50:01+00:00,usd_mxn,17.7,17.74,0.225
2024-07-17 17:50:02+00:00,usd_mxn,17.7,17.74,0.225
2024-07-17 17:50:04+00:00,usd_mxn,17.7,17.74,0.225
2024-07-17 17:50:05+00:00,usd_mxn,17.7,17.74,0.225
2024-07-17 17:50:06+00:00,usd_mxn,17.7,17.74,0.225
2024-07-17 17:50:07+00:00,usd_mxn,17.7,17.74,0.225
2024-07-17 17:50:08+00:00,usd_mxn,17.7,17.74,0.225
2024-07-17 17:50:09+00:00,usd_mxn,17.7,17.74,0.225
2024-07-17 17:50:10+00:00,usd_mxn,17.7,17.74,0.225
2024-07-17 17:50:11+00:00,usd_mxn,17.7,17.74,0.225
2024-07-17 17:50:12+00:00,usd_mxn,17.7,17.74,0.225
2024-07-17 17:50:13+00:00,usd_mxn,17.7,17.74,0.225
2024-07-17 17:50:14+00:00,usd_mxn,17.7,17.74,0.225
2024-07-17 17:50:15+00:00,usd_mxn,17.7,17.74,0.225
2024-07-17 17:50:16+00:00,usd_mxn,17.7,17.74,0.225
2024-07-17 17:50:17+00:00,usd_mxn,17.7,17.74,0.225
2024-07-17 17:50:18+00:00,usd_mxn,17.7,17.74,0.225
2024-07-17 17:50:19+00:00,usd_mxn,17.7,17.74,0.225
2024-07-17 17:50:20+00:00,usd_mxn,17.7,17.74,0.225
2024-07-17 17:50:22+00:00,usd_mxn,17.7,17.74,0.225
2024-07-17 17:50:23+00:00,usd_mxn,17.7,17.74,0.225
2024-07-17 17:50:24+00:00,usd_mxn,17.7,17.74,0.225
2024-07-17 17:50:25+00:00,usd_mxn,17.7,17.74,0.225
2024-07-17 17:50:26+00:00,usd_mxn,17.7,17.74,0.225
2024-07-17 17:50:27+00:00,usd_mxn,17.7,17.74,0.225
2024-07-17 17:50:28+00:00,usd_mxn,17.7,17.74,0.225
2024-07-17 17:50:29+00:00,usd_mxn,17.7,17.74,0.225
2024-07-17 17:50:30+00:00,usd_mxn,17.7,17.74,0.225
2024-07-17 17:50:31+00:00,usd_mxn,17.7,17.74,0.225
2024-07-17 17:50:32+00:00,usd_mxn,17.7,17.74,0.225
2024-07-17 17:50:33+00:00,usd_mxn,17.7,17.74,0.225
2024-07-17 17:50:34+00:00,usd_mxn,17.7,17.74,0.225
2024-07-17 17:50:35+00:00,usd_mxn,17.7,17.74,0.225
2024-07-17 17:50:36+00:00,usd_mxn,17.7,17.74,0.225
2024-07-17 17:50:37+00:00,usd_mxn,17.7,17.74,0.225
2024-07-17 17:50:38+00:00,usd_mxn,17.7,17.74,0.225
2024-07-17 17:50:39+00:00,usd_mxn,17.7,17.74,0.225
2024-07-17 17:50:40+00:00,usd_mxn,17.7,17.74,0.225
2024-07-17 17:50:41+00:00,usd_mxn,17.7,17.74,0.225
2024-07-17 17:50:42+00:00,usd_mxn,17.7,17.74,0.225
2024-07-17 17:50:43+00:00,usd_mxn,17.7,17.74,0.225
2024-07-17 17:50:44+00:00,usd_mxn,17.7,17.74,0.225
2024-07-17 17:50:45+00:00,usd_mxn,17.7,17.74,0.225
2024-07-17 17:50:46+00:00,usd_mxn,17.7,17.74,0.225
2024-07-17 17:50:47+00:00,usd_mxn,17.7,17.74,0.225
2024-07-17 17:50:48+00:00,usd_mxn,17.7,17.74,0.225
2024-07-17 17:50:49+00:00,usd_mxn,17.7,17.74,0.225
2024-07-17 17:50:50+00:00,usd_mxn,17.7,17.74,0.225
2024-07-17 17:50:51+00:00,usd_mxn,17.7,17.74,0.225
2024-07-17 17:50:52+00:00,usd_mxn,17.7,17.74,0.225
2024-07-17 17:50:53+00:00,usd_mxn,17.7,17.74,0.225
2024-07-17 17:50:54+00:00,usd_mxn,17.7,17.74,0.225
2024-07-17 17:50:55+00:00,usd_mxn,17.7,17.74,0.225
2024-07-17 17:50:56+00:00,usd_mxn,17.7,17.74,0.225
2024-07-17 17:50:57+00:00,usd_mxn,17.7,17.74,0.225
2024-07-17 17:50:58+00:00,usd_mxn,17.7,17.74,0.225
2024-07-17 17:50:59+00:00,usd_mxn,17.7,17.74,0.225
2024-07-17 17:51:01+00:00,usd_mxn,17.7,17.74,0.225
2024-07-17 17:51:01+00:00,usd_mxn,17.7,17.72,0.113
2024-07-17 17:51:03+00:00,usd_mxn,17.7,17.72,0.113
2024-07-17 17:51:04+00:00,usd_mxn,17.7,17.72,0.113
2024-07-17 17:51:05+00:00,usd_mxn,17.7,17.72,0.113
2024-07-17 17:51:06+00:00,usd_mxn,17.7,17.72,0.113
2024-07-17 17:51:07+00:00,usd_mxn,17.7,17.72,0.113
2024-07-17 17:51:08+00:00,usd_mxn,17.7,17.72,0.113
2024-07-17 17:51:09+00:00,usd_mxn,17.7,17.72,0.113
2024-07-17 17:51:10+00:00,usd_mxn,17.7,17.72,0.113
2024-07-17 17:51:11+00:00,usd_mxn,17.7,17.72,0.113
2024-07-17 17:51:12+00:00,usd_mxn,17.7,17.72,0.113
2024-07-17 17:51:13+00:00,usd_mxn,17.7,17.72,0.113
2024-07-17 17:51:14+00:00,usd_mxn,17.7,17.72,0.113
2024-07-17 17:51:15+00:00,usd_mxn,17.7,17.72,0.113
2024-07-17 17:51:16+00:00,usd_mxn,17.7,17.72,0.113
2024-07-17 17:51:17+00:00,usd_mxn,17.7,17.72,0.113
2024-07-17 17:51:18+00:00,usd_mxn,17.7,17.72,0.113
2024-07-17 17:51:19+00:00,usd_mxn,17.7,17.72,0.113
2024-07-17 17:51:20+00:00,usd_mxn,17.7,17.72,0.113
2024-07-17 17:51:21+00:00,usd_mxn,17.7,17.72,0.113
2024-07-17 17:51:22+00:00,usd_mxn,17.7,17.72,0.113
2024-07-17 17:51:23+00:00,usd_mxn,17.7,17.72,0.113
2024-07-17 17:51:24+00:00,usd_mxn,17.7,17.72,0.113
2024-07-17 17:51:25+00:00,usd_mxn,17.7,17.72,0.113
2024-07-17 17:51:26+00:00,usd_mxn,17.7,17.72,0.113
2024-07-17 17:51:27+00:00,usd_mxn,17.7,17.72,0.113
2024-07-17 17:51:28+00:00,usd_mxn,17.7,17.72,0.113
2024-07-17 17:51:29+00:00,usd_mxn,17.7,17.72,0.113
2024-07-17 17:51:30+00:00,usd_mxn,17.7,17.72,0.113
2024-07-17 17:51:31+00:00,usd_mxn,17.7,17.72,0.113
2024-07-17 17:51:32+00:00,usd_mxn,17.7,17.72,0.113
2024-07-17 17:51:33+00:00,usd_mxn,17.7,17.72,0.113
2024-07-17 17:51:34+00:00,usd_mxn,17.7,17.72,0.113
2024-07-17 17:51:35+00:00,usd_mxn,17.7,17.72,0.113
2024-07-17 17:51:36+00:00,usd_mxn,17.7,17.72,0.113
2024-07-17 17:51:37+00:00,usd_mxn,17.7,17.72,0.113
2024-07-17 17:51:38+00:00,usd_mxn,17.7,17.72,0.113
2024-07-17 17:51:39+00:00,usd_mxn,17.7,17.72,0.113
2024-07-17 17:51:40+00:00,usd_mxn,17.7,17.72,0.113
2024-07-17 17:51:41+00:00,usd_mxn,17.7,17.72,0.113
2024-07-17 17:51:42+00:00,usd_mxn,17.7,17.72,0.113
2024-07-17 17:51:43+00:00,usd_mxn,17.7,17.72,0.113
2024-07-17 17:51:44+00:00,usd_mxn,17.7,17.72,0.113
2024-07-17 17:51:45+00:00,usd_mxn,17.7,17.72,0.113
2024-07-17 17:51:46+00:00,usd_mxn,17.7,17.72,0.113
2024-07-17 17:51:47+00:00,usd_mxn,17.7,17.72,0.113
2024-07-17 17:51:48+00:00,usd_mxn,17.7,17.72,0.113
2024-07-17 17:51:49+00:00,usd_mxn,17.7,17.72,0.113
2024-07-17 17:51:50+00:00,usd_mxn,17.7,17.72,0.113
2024-07-17 17:51:51+00:00,usd_mxn,17.7,17.72,0.113
2024-07-17 17:51:52+00:00,usd_mxn,17.7,17.72,0.113
2024-07-17 17:51:53+00:00,usd_mxn,17.7,17.72,0.113
2024-07-17 17:51:54+00:00,usd_mxn,17.7,17.72,0.113
2024-07-17 17:51:55+00:00,usd_mxn,17.7,17.72,0.113
2024-07-17 17:51:56+00:00,usd_mxn,17.7,17.72,0.113
2024-07-17 17:51:57+00:00,usd_mxn,17.7,17.72,0.113
2024-07-17 17:51:58+00:00,usd_mxn,17.7,17.72,0.113
2024-07-17 17:51:59+00:00,usd_mxn,17.7,17.72,0.113
2024-07-17 17:52:00+00:00,usd_mxn,17.7,17.72,0.113
2024-07-17 17:52:01+00:00,usd_mxn,17.7,17.72,0.113
2024-07-17 17:52:02+00:00,usd_mxn,17.7,17.72,0.113
2024-07-17 17:52:03+00:00,usd_mxn,17.7,17.72,0.113
2024-07-17 17:52:04+00:00,usd_mxn,17.7,17.72,0.113
2024-07-17 17:52:06+00:00,usd_mxn,17.7,17.72,0.113
2024-07-17 17:52:07+00:00,usd_mxn,17.7,17.72,0.113
2024-07-17 17:52:08+00:00,usd_mxn,17.7,17.72,0.113
2024-07-17 17:52:09+00:00,usd_mxn,17.7,17.72,0.113
2024-07-17 17:52:10+00:00,usd_mxn,17.7,17.72,0.113
2024-07-17 17:52:11+00:00,usd_mxn,17.7,17.72,0.113
2024-07-17 17:52:13+00:00,usd_mxn,17.7,17.72,0.113
2024-07-17 17:52:14+00:00,usd_mxn,17.7,17.72,0.113
2024-07-17 17:52:15+00:00,usd_mxn,17.7,17.72,0.113
2024-07-17 17:52:16+00:00,usd_mxn,17.7,17.72,0.113
2024-07-17 17:52:17+00:00,usd_mxn,17.7,17.72,0.113
2024-07-17 17:52:18+00:00,usd_mxn,17.7,17.72,0.113
2024-07-17 17:52:19+00:00,usd_mxn,17.7,17.72,0.113
2024-07-17 17:52:20+00:00,usd_mxn,17.7,17.72,0.113
2024-07-17 17:52:21+00:00,usd_mxn,17.7,17.72,0.113
2024-07-17 17:52:22+00:00,usd_mxn,17.7,17.72,0.113
2024-07-17 17:52:23+00:00,usd_mxn,17.7,17.72,0.113
2024-07-17 17:52:24+00:00,usd_mxn,17.7,17.72,0.113
2024-07-17 17:52:25+00:00,usd_mxn,17.7,17.72,0.113
2024-07-17 17:52:26+00:00,usd_mxn,17.7,17.72,0.113
2024-07-17 17:52:27+00:00,usd_mxn,17.7,17.72,0.113
2024-07-17 17:52:28+00:00,usd_mxn,17.7,17.72,0.113
2024-07-17 17:52:29+00:00,usd_mxn,17.7,17.72,0.113
2024-07-17 17:52:30+00:00,usd_mxn,17.7,17.72,0.113
2024-07-17 17:52:31+00:00,usd_mxn,17.7,17.72,0.113
2024-07-17 17:52:32+00:00,usd_mxn,17.7,17.72,0.113
2024-07-17 17:52:33+00:00,usd_mxn,17.7,17.72,0.113
2024-07-17 17:52:34+00:00,usd_mxn,17.7,17.72,0.113
2024-07-17 17:52:35+00:00,usd_mxn,17.7,17.72,0.113
2024-07-17 17:52:36+00:00,usd_mxn,17.7,17.72,0.113
2024-07-17 17:52:37+00:00,usd_mxn,17.7,17.72,0.113
2024-07-17 17:52:38+00:00,usd_mxn,17.7,17.72,0.113
2024-07-17 17:52:39+00:00,usd_mxn,17.7,17.72,0.113
2024-07-17 17:52:40+00:00,usd_mxn,17.7,17.72,0.113
2024-07-17 17:52:41+00:00,usd_mxn,17.7,17.72,0.113
2024-07-17 17:52:42+00:00,usd_mxn,17.7,17.72,0.113
2024-07-17 17:52:43+00:00,usd_mxn,17.7,17.72,0.113
2024-07-17 17:52:44+00:00,usd_mxn,17.7,17.72,0.113
2024-07-17 17:52:45+00:00,usd_mxn,17.7,17.72,0.113
2024-07-17 17:52:46+00:00,usd_mxn,17.7,17.72,0.113
2024-07-17 17:52:47+00:00,usd_mxn,17.7,17.72,0.113
2024-07-17 17:52:48+00:00,usd_mxn,17.7,17.72,0.113
2024-07-17 17:52:49+00:00,usd_mxn,17.7,17.72,0.113
2024-07-17 17:52:50+00:00,usd_mxn,17.7,17.72,0.113
2024-07-17 17:52:51+00:00,usd_mxn,17.7,17.72,0.113
2024-07-17 17:52:52+00:00,usd_mxn,17.7,17.72,0.113
2024-07-17 17:52:53+00:00,usd_mxn,17.7,17.72,0.113
2024-07-17 17:52:54+00:00,usd_mxn,17.7,17.72,0.113
2024-07-17 17:52:55+00:00,usd_mxn,17.7,17.72,0.113
2024-07-17 17:52:56+00:00,usd_mxn,17.7,17.72,0.113
2024-07-17 17:52:57+00:00,usd_mxn,17.7,17.72,0.113
2024-07-17 17:52:58+00:00,usd_mxn,17.7,17.72,0.113
2024-07-17 17:52:59+00:00,usd_mxn,17.7,17.72,0.113
2024-07-17 17:53:00+00:00,usd_mxn,17.7,17.72,0.113
2024-07-17 17:53:01+00:00,usd_mxn,17.7,17.72,0.113
2024-07-17 17:53:02+00:00,usd_mxn,17.7,17.72,0.113
2024-07-17 17:53:03+00:00,usd_mxn,17.7,17.72,0.113
2024-07-17 17:53:04+00:00,usd_mxn,17.7,17.72,0.113
2024-07-17 17:53:05+00:00,usd_mxn,17.7,17.72,0.113
2024-07-17 17:53:06+00:00,usd_mxn,17.7,17.72,0.113
2024-07-17 17:53:07+00:00,usd_mxn,17.7,17.72,0.113
2024-07-17 17:53:08+00:00,usd_mxn,17.7,17.72,0.113
2024-07-17 17:53:09+00:00,usd_mxn,17.7,17.72,0.113
2024-07-17 17:53:10+00:00,usd_mxn,17.7,17.72,0.113
2024-07-17 17:53:11+00:00,usd_mxn,17.7,17.72,0.113
2024-07-17 17:53:12+00:00,usd_mxn,17.7,17.72,0.113
2024-07-17 17:53:13+00:00,usd_mxn,17.7,17.72,0.113
2024-07-17 17:53:14+00:00,usd_mxn,17.7,17.72,0.113
2024-07-17 17:53:15+00:00,usd_mxn,17.7,17.72,0.113
2024-07-17 17:53:16+00:00,usd_mxn,17.7,17.72,0.113
2024-07-17 17:53:17+00:00,usd_mxn,17.7,17.72,0.113
2024-07-17 17:53:18+00:00,usd_mxn,17.7,17.72,0.113
2024-07-17 17:53:20+00:00,usd_mxn,17.7,17.72,0.113
2024-07-17 17:53:21+00:00,usd_mxn,17.7,17.72,0.113
2024-07-17 17:53:22+00:00,usd_mxn,17.7,17.72,0.113
2024-07-17 17:53:23+00:00,usd_mxn,17.7,17.72,0.113
2024-07-17 17:53:24+00:00,usd_mxn,17.7,17.72,0.113
2024-07-17 17:53:25+00:00,usd_mxn,17.7,17.72,0.113
2024-07-17 17:53:26+00:00,usd_mxn,17.7,17.72,0.113
2024-07-17 17:53:27+00:00,usd_mxn,17.7,17.72,0.113
2024-07-17 17:53:28+00:00,usd_mxn,17.7,17.72,0.113
2024-07-17 17:53:29+00:00,usd_mxn,17.7,17.72,0.113
2024-07-17 17:53:30+00:00,usd_mxn,17.7,17.72,0.113
2024-07-17 17:53:31+00:00,usd_mxn,17.7,17.72,0.113
2024-07-17 17:53:32+00:00,usd_mxn,17.7,17.72,0.113
2024-07-17 17:53:34+00:00,usd_mxn,17.7,17.72,0.113
2024-07-17 17:53:35+00:00,usd_mxn,17.7,17.72,0.113
2024-07-17 17:53:36+00:00,usd_mxn,17.7,17.72,0.113
2024-07-17 17:53:37+00:00,usd_mxn,17.7,17.72,0.113
2024-07-17 17:53:38+00:00,usd_mxn,17.7,17.72,0.113
2024-07-17 17:53:39+00:00,usd_mxn,17.7,17.72,0.113
2024-07-17 17:53:41+00:00,usd_mxn,17.7,17.72,0.113
2024-07-17 17:53:42+00:00,usd_mxn,17.7,17.72,0.113
2024-07-17 17:53:43+00:00,usd_mxn,17.7,17.72,0.113
2024-07-17 17:53:44+00:00,usd_mxn,17.7,17.72,0.113
2024-07-17 17:53:45+00:00,usd_mxn,17.7,17.72,0.113
2024-07-17 17:53:47+00:00,usd_mxn,17.7,17.72,0.113
2024-07-17 17:53:47+00:00,usd_mxn,17.7,17.72,0.113
2024-07-17 17:53:48+00:00,usd_mxn,17.7,17.72,0.113
2024-07-17 17:53:49+00:00,usd_mxn,17.7,17.72,0.113
2024-07-17 17:53:50+00:00,usd_mxn,17.7,17.72,0.113
2024-07-17 17:53:51+00:00,usd_mxn,17.7,17.72,0.113
2024-07-17 17:53:52+00:00,usd_mxn,17.7,17.72,0.113
2024-07-17 17:53:53+00:00,usd_mxn,17.7,17.72,0.113
2024-07-17 17:53:54+00:00,usd_mxn,17.7,17.72,0.113
2024-07-17 17:53:55+00:00,usd_mxn,17.7,17.72,0.113
2024-07-17 17:53:56+00:00,usd_mxn,17.7,17.72,0.113
2024-07-17 17:53:57+00:00,usd_mxn,17.7,17.72,0.113
2024-07-17 17:53:58+00:00,usd_mxn,17.7,17.72,0.113
2024-07-17 17:53:59+00:00,usd_mxn,17.7,17.72,0.113
2024-07-17 17:54:00+00:00,usd_mxn,17.7,17.72,0.113
2024-07-17 17:54:01+00:00,usd_mxn,17.7,17.72,0.113
2024-07-17 17:54:02+00:00,usd_mxn,17.7,17.72,0.113
2024-07-17 17:54:04+00:00,usd_mxn,17.7,17.72,0.113
2024-07-17 17:54:05+00:00,usd_mxn,17.7,17.72,0.113
2024-07-17 17:54:07+00:00,usd_mxn,17.7,17.72,0.113
2024-07-17 17:54:07+00:00,usd_mxn,17.7,17.72,0.113
2024-07-17 17:54:08+00:00,usd_mxn,17.7,17.72,0.113
2024-07-17 17:54:09+00:00,usd_mxn,17.7,17.72,0.113
2024-07-17 17:54:10+00:00,usd_mxn,17.7,17.72,0.113
2024-07-17 17:54:11+00:00,usd_mxn,17.7,17.72,0.113
2024-07-17 17:54:12+00:00,usd_mxn,17.7,17.72,0.113
2024-07-17 17:54:13+00:00,usd_mxn,17.7,17.72,0.113
2024-07-17 17:54:14+00:00,usd_mxn,17.7,17.72,0.113
2024-07-17 17:54:15+00:00,usd_mxn,17.7,17.72,0.113
2024-07-17 17:54:16+00:00,usd_mxn,17.7,17.72,0.113
2024-07-17 17:54:17+00:00,usd_mxn,17.7,17.72,0.113
2024-07-17 17:54:18+00:00,usd_mxn,17.7,17.72,0.113
2024-07-17 17:54:19+00:00,usd_mxn,17.7,17.72,0.113
2024-07-17 17:54:20+00:00,usd_mxn,17.7,17.72,0.113
2024-07-17 17:54:21+00:00,usd_mxn,17.7,17.72,0.113
2024-07-17 17:54:22+00:00,usd_mxn,17.7,17.72,0.113
2024-07-17 17:54:23+00:00,usd_mxn,17.7,17.72,0.113
2024-07-17 17:54:24+00:00,usd_mxn,17.7,17.72,0.113
2024-07-17 17:54:25+00:00,usd_mxn,17.7,17.72,0.113
2024-07-17 17:54:26+00:00,usd_mxn,17.7,17.72,0.113
2024-07-17 17:54:27+00:00,usd_mxn,17.7,17.72,0.113
2024-07-17 17:54:28+00:00,usd_mxn,17.7,17.72,0.113
2024-07-17 17:54:29+00:00,usd_mxn,17.7,17.72,0.113
2024-07-17 17:54:30+00:00,usd_mxn,17.7,17.72,0.113
2024-07-17 17:54:31+00:00,usd_mxn,17.7,17.72,0.113
2024-07-17 17:54:33+00:00,usd_mxn,17.7,17.72,0.113
2024-07-17 17:54:34+00:00,usd_mxn,17.7,17.72,0.113
2024-07-17 17:54:35+00:00,usd_mxn,17.7,17.72,0.113
2024-07-17 17:54:36+00:00,usd_mxn,17.7,17.72,0.113
2024-07-17 17:54:37+00:00,usd_mxn,17.7,17.72,0.113
2024-07-17 17:54:38+00:00,usd_mxn,17.7,17.72,0.113
2024-07-17 17:54:39+00:00,usd_mxn,17.7,17.72,0.113
2024-07-17 17:54:40+00:00,usd_mxn,17.7,17.72,0.113
2024-07-17 17:54:41+00:00,usd_mxn,17.7,17.72,0.113
2024-07-17 17:54:42+00:00,usd_mxn,17.7,17.72,0.113
2024-07-17 17:54:43+00:00,usd_mxn,17.7,17.72,0.113
2024-07-17 17:54:44+00:00,usd_mxn,17.7,17.72,0.113
2024-07-17 17:54:45+00:00,usd_mxn,17.7,17.72,0.113
2024-07-17 17:54:46+00:00,usd_mxn,17.7,17.72,0.113
2024-07-17 17:54:47+00:00,usd_mxn,17.7,17.72,0.113
2024-07-17 17:54:48+00:00,usd_mxn,17.7,17.72,0.113
2024-07-17 17:54:49+00:00,usd_mxn,17.7,17.72,0.113
2024-07-17 17:54:50+00:00,usd_mxn,17.7,17.72,0.113
2024-07-17 17:54:52+00:00,usd_mxn,17.7,17.72,0.113
2024-07-17 17:54:53+00:00,usd_mxn,17.7,17.72,0.113
2024-07-17 17:54:55+00:00,usd_mxn,17.7,17.72,0.113
2024-07-17 17:54:56+00:00,usd_mxn,17.7,17.72,0.113
2024-07-17 17:54:57+00:00,usd_mxn,17.7,17.72,0.113
2024-07-17 17:54:58+00:00,usd_mxn,17.7,17.72,0.113
2024-07-17 17:54:59+00:00,usd_mxn,17.7,17.72,0.113
2024-07-17 17:55:00+00:00,usd_mxn,17.7,17.72,0.113
2024-07-17 17:55:02+00:00,usd_mxn,17.7,17.72,0.113
2024-07-17 17:55:03+00:00,usd_mxn,17.7,17.72,0.113
2024-07-17 17:55:04+00:00,usd_mxn,17.7,17.72,0.113
2024-07-17 17:55:05+00:00,usd_mxn,17.7,17.74,0.225
2024-07-17 17:55:06+00:00,usd_mxn,17.7,17.74,0.225
2024-07-17 17:55:07+00:00,usd_mxn,17.7,17.74,0.225
2024-07-17 17:55:08+00:00,usd_mxn,17.7,17.74,0.225
2024-07-17 17:55:09+00:00,usd_mxn,17.7,17.74,0.225
2024-07-17 17:55:10+00:00,usd_mxn,17.7,17.74,0.225
2024-07-17 17:55:11+00:00,usd_mxn,17.7,17.74,0.225
2024-07-17 17:55:12+00:00,usd_mxn,17.7,17.74,0.225
2024-07-17 17:55:13+00:00,usd_mxn,17.7,17.74,0.225
2024-07-17 17:55:14+00:00,usd_mxn,17.7,17.74,0.225
2024-07-17 17:55:15+00:00,usd_mxn,17.7,17.74,0.225
2024-07-17 17:55:16+00:00,usd_mxn,17.7,17.74,0.225
2024-07-17 17:55:17+00:00,usd_mxn,17.7,17.74,0.225
2024-07-17 17:55:18+00:00,usd_mxn,17.7,17.74,0.225
2024-07-17 17:55:19+00:00,usd_mxn,17.7,17.74,0.225
2024-07-17 17:55:20+00:00,usd_mxn,17.7,17.74,0.225
2024-07-17 17:55:21+00:00,usd_mxn,17.7,17.74,0.225
2024-07-17 17:55:22+00:00,usd_mxn,17.7,17.74,0.225
2024-07-17 17:55:23+00:00,usd_mxn,17.7,17.74,0.225
2024-07-17 17:55:24+00:00,usd_mxn,17.7,17.74,0.225
2024-07-17 17:55:25+00:00,usd_mxn,17.7,17.74,0.225
2024-07-17 17:55:26+00:00,usd_mxn,17.7,17.74,0.225
2024-07-17 17:55:27+00:00,usd_mxn,17.7,17.74,0.225
2024-07-17 17:55:29+00:00,usd_mxn,17.7,17.74,0.225
2024-07-17 17:55:30+00:00,usd_mxn,17.7,17.74,0.225
2024-07-17 17:55:31+00:00,usd_mxn,17.7,17.74,0.225
2024-07-17 17:55:32+00:00,usd_mxn,17.7,17.74,0.225
2024-07-17 17:55:33+00:00,usd_mxn,17.7,17.74,0.225
2024-07-17 17:55:34+00:00,usd_mxn,17.7,17.74,0.225
2024-07-17 17:55:35+00:00,usd_mxn,17.7,17.74,0.225
2024-07-17 17:55:36+00:00,usd_mxn,17.7,17.74,0.225
2024-07-17 17:55:37+00:00,usd_mxn,17.7,17.74,0.225
2024-07-17 17:55:38+00:00,usd_mxn,17.7,17.74,0.225
2024-07-17 17:55:39+00:00,usd_mxn,17.7,17.74,0.225
2024-07-17 17:55:40+00:00,usd_mxn,17.7,17.74,0.225
2024-07-17 17:55:41+00:00,usd_mxn,17.7,17.74,0.225
2024-07-17 17:55:42+00:00,usd_mxn,17.7,17.74,0.225
2024-07-17 17:55:43+00:00,usd_mxn,17.7,17.74,0.225
2024-07-17 17:55:44+00:00,usd_mxn,17.7,17.74,0.225
2024-07-17 17:55:45+00:00,usd_mxn,17.7,17.74,0.225
2024-07-17 17:55:46+00:00,usd_mxn,17.7,17.74,0.225
2024-07-17 17:55:47+00:00,usd_mxn,17.7,17.74,0.225
2024-07-17 17:55:48+00:00,usd_mxn,17.7,17.74,0.225
2024-07-17 17:55:49+00:00,usd_mxn,17.7,17.74,0.225
2024-07-17 17:55:50+00:00,usd_mxn,17.7,17.74,0.225
2024-07-17 17:55:51+00:00,usd_mxn,17.7,17.74,0.225
2024-07-17 17:55:52+00:00,usd_mxn,17.7,17.74,0.225
2024-07-17 17:55:53+00:00,usd_mxn,17.7,17.74,0.225
2024-07-17 17:55:54+00:00,usd_mxn,17.7,17.74,0.225
2024-07-17 17:55:55+00:00,usd_mxn,17.7,17.74,0.225
2024-07-17 17:55:56+00:00,usd_mxn,17.7,17.74,0.225
2024-07-17 17:55:57+00:00,usd_mxn,17.7,17.74,0.225
2024-07-17 17:55:58+00:00,usd_mxn,17.7,17.74,0.225
2024-07-17 17:55:59+00:00,usd_mxn,17.7,17.74,0.225
2024-07-17 17:56:00+00:00,usd_mxn,17.7,17.74,0.225
2024-07-17 17:56:01+00:00,usd_mxn,17.7,17.74,0.225
2024-07-17 17:56:02+00:00,usd_mxn,17.7,17.74,0.225
2024-07-17 17:56:03+00:00,usd_mxn,17.7,17.74,0.225
2024-07-17 17:56:05+00:00,usd_mxn,17.7,17.74,0.225
2024-07-17 17:56:06+00:00,usd_mxn,17.7,17.74,0.225
2024-07-17 17:56:07+00:00,usd_mxn,17.7,17.74,0.225
2024-07-17 17:56:08+00:00,usd_mxn,17.7,17.74,0.225
2024-07-17 17:56:09+00:00,usd_mxn,17.7,17.74,0.225
2024-07-17 17:56:10+00:00,usd_mxn,17.7,17.74,0.225
2024-07-17 17:56:11+00:00,usd_mxn,17.7,17.74,0.225
2024-07-17 17:56:12+00:00,usd_mxn,17.7,17.74,0.225
2024-07-17 17:56:13+00:00,usd_mxn,17.7,17.74,0.225
2024-07-17 17:56:14+00:00,usd_mxn,17.7,17.74,0.225
2024-07-17 17:56:15+00:00,usd_mxn,17.7,17.74,0.225
2024-07-17 17:56:16+00:00,usd_mxn,17.7,17.74,0.225
2024-07-17 17:56:17+00:00,usd_mxn,17.7,17.74,0.225
2024-07-17 17:56:18+00:00,usd_mxn,17.7,17.74,0.225
2024-07-17 17:56:19+00:00,usd_mxn,17.7,17.74,0.225
2024-07-17 17:56:20+00:00,usd_mxn,17.7,17.74,0.225
2024-07-17 17:56:21+00:00,usd_mxn,17.7,17.74,0.225
2024-07-17 17:56:22+00:00,usd_mxn,17.7,17.74,0.225
2024-07-17 17:56:23+00:00,usd_mxn,17.7,17.74,0.225
2024-07-17 17:56:25+00:00,usd_mxn,17.7,17.74,0.225
2024-07-17 17:56:26+00:00,usd_mxn,17.7,17.74,0.225
2024-07-17 17:56:27+00:00,usd_mxn,17.7,17.74,0.225
2024-07-17 17:56:28+00:00,usd_mxn,17.7,17.74,0.225
2024-07-17 17:56:29+00:00,usd_mxn,17.7,17.74,0.225
2024-07-17 17:56:30+00:00,usd_mxn,17.7,17.74,0.225
2024-07-17 17:56:31+00:00,usd_mxn,17.7,17.74,0.225
2024-07-17 17:56:32+00:00,usd_mxn,17.7,17.74,0.225
2024-07-17 17:56:33+00:00,usd_mxn,17.7,17.74,0.225
2024-07-17 17:56:34+00:00,usd_mxn,17.7,17.74,0.225
2024-07-17 17:56:35+00:00,usd_mxn,17.7,17.74,0.225
2024-07-17 17:56:36+00:00,usd_mxn,17.7,17.74,0.225
2024-07-17 17:56:37+00:00,usd_mxn,17.7,17.74,0.225
2024-07-17 17:56:38+00:00,usd_mxn,17.7,17.74,0.225
2024-07-17 17:56:39+00:00,usd_mxn,17.7,17.74,0.225
2024-07-17 17:56:40+00:00,usd_mxn,17.7,17.74,0.225
2024-07-17 17:56:41+00:00,usd_mxn,17.7,17.74,0.225
2024-07-17 17:56:42+00:00,usd_mxn,17.7,17.74,0.225
2024-07-17 17:56:43+00:00,usd_mxn,17.7,17.74,0.225
2024-07-17 17:56:44+00:00,usd_mxn,17.7,17.74,0.225
2024-07-17 17:56:45+00:00,usd_mxn,17.7,17.74,0.225
2024-07-17 17:56:46+00:00,usd_mxn,17.7,17.74,0.225
2024-07-17 17:56:47+00:00,usd_mxn,17.7,17.74,0.225
2024-07-17 17:56:48+00:00,usd_mxn,17.7,17.74,0.225
2024-07-17 17:56:49+00:00,usd_mxn,17.7,17.74,0.225
2024-07-17 17:56:50+00:00,usd_mxn,17.7,17.74,0.225
2024-07-17 17:56:51+00:00,usd_mxn,17.7,17.74,0.225
2024-07-17 17:56:52+00:00,usd_mxn,17.7,17.74,0.225
2024-07-17 17:56:53+00:00,usd_mxn,17.7,17.74,0.225
2024-07-17 17:56:54+00:00,usd_mxn,17.7,17.74,0.225
2024-07-17 17:56:55+00:00,usd_mxn,17.7,17.74,0.225
2024-07-17 17:56:57+00:00,usd_mxn,17.7,17.74,0.225
2024-07-17 17:56:57+00:00,usd_mxn,17.7,17.74,0.225
2024-07-17 17:56:59+00:00,usd_mxn,17.7,17.74,0.225
2024-07-17 17:57:00+00:00,usd_mxn,17.7,17.74,0.225
2024-07-17 17:57:01+00:00,usd_mxn,17.7,17.74,0.225
2024-07-17 17:57:02+00:00,usd_mxn,17.7,17.72,0.113
2024-07-17 17:57:03+00:00,usd_mxn,17.7,17.72,0.113
2024-07-17 17:57:04+00:00,usd_mxn,17.7,17.72,0.113
2024-07-17 17:57:05+00:00,usd_mxn,17.7,17.72,0.113
2024-07-17 17:57:06+00:00,usd_mxn,17.7,17.72,0.113
2024-07-17 17:57:07+00:00,usd_mxn,17.7,17.72,0.113
2024-07-17 17:57:08+00:00,usd_mxn,17.7,17.72,0.113
2024-07-17 17:57:09+00:00,usd_mxn,17.7,17.72,0.113
2024-07-17 17:57:10+00:00,usd_mxn,17.7,17.72,0.113
2024-07-17 17:57:11+00:00,usd_mxn,17.7,17.72,0.113
2024-07-17 17:57:12+00:00,usd_mxn,17.7,17.72,0.113
2024-07-17 17:57:13+00:00,usd_mxn,17.7,17.72,0.113
2024-07-17 17:57:14+00:00,usd_mxn,17.7,17.72,0.113
2024-07-17 17:57:15+00:00,usd_mxn,17.7,17.72,0.113
2024-07-17 17:57:16+00:00,usd_mxn,17.7,17.72,0.113
2024-07-17 17:57:17+00:00,usd_mxn,17.7,17.72,0.113
2024-07-17 17:57:18+00:00,usd_mxn,17.7,17.72,0.113
2024-07-17 17:57:19+00:00,usd_mxn,17.7,17.72,0.113
2024-07-17 17:57:20+00:00,usd_mxn,17.7,17.72,0.113
2024-07-17 17:57:21+00:00,usd_mxn,17.7,17.72,0.113
2024-07-17 17:57:22+00:00,usd_mxn,17.7,17.72,0.113
2024-07-17 17:57:23+00:00,usd_mxn,17.7,17.72,0.113
2024-07-17 17:57:24+00:00,usd_mxn,17.7,17.72,0.113
2024-07-17 17:57:25+00:00,usd_mxn,17.7,17.72,0.113
2024-07-17 17:57:26+00:00,usd_mxn,17.7,17.72,0.113
2024-07-17 17:57:27+00:00,usd_mxn,17.7,17.72,0.113
2024-07-17 17:57:28+00:00,usd_mxn,17.7,17.72,0.113
2024-07-17 17:57:29+00:00,usd_mxn,17.7,17.72,0.113
2024-07-17 17:57:30+00:00,usd_mxn,17.7,17.72,0.113
2024-07-17 17:57:31+00:00,usd_mxn,17.7,17.72,0.113
2024-07-17 17:57:32+00:00,usd_mxn,17.7,17.72,0.113
2024-07-17 17:57:33+00:00,usd_mxn,17.7,17.72,0.113
2024-07-17 17:57:34+00:00,usd_mxn,17.7,17.72,0.113
2024-07-17 17:57:35+00:00,usd_mxn,17.7,17.72,0.113
2024-07-17 17:57:36+00:00,usd_mxn,17.7,17.72,0.113
2024-07-17 17:57:37+00:00,usd_mxn,17.7,17.72,0.113
2024-07-17 17:57:38+00:00,usd_mxn,17.7,17.72,0.113
2024-07-17 17:57:39+00:00,usd_mxn,17.7,17.72,0.113
2024-07-17 17:57:40+00:00,usd_mxn,17.7,17.72,0.113
2024-07-17 17:57:41+00:00,usd_mxn,17.7,17.72,0.113
2024-07-17 17:57:42+00:00,usd_mxn,17.7,17.72,0.113
2024-07-17 17:57:43+00:00,usd_mxn,17.7,17.72,0.113
2024-07-17 17:57:44+00:00,usd_mxn,17.7,17.72,0.113
2024-07-17 17:57:45+00:00,usd_mxn,17.7,17.72,0.113
2024-07-17 17:57:46+00:00,usd_mxn,17.7,17.72,0.113
2024-07-17 17:57:47+00:00,usd_mxn,17.7,17.72,0.113
2024-07-17 17:57:48+00:00,usd_mxn,17.7,17.72,0.113
2024-07-17 17:57:49+00:00,usd_mxn,17.7,17.72,0.113
2024-07-17 17:57:50+00:00,usd_mxn,17.7,17.72,0.113
2024-07-17 17:57:51+00:00,usd_mxn,17.7,17.72,0.113
2024-07-17 17:57:52+00:00,usd_mxn,17.7,17.72,0.113
2024-07-17 17:57:53+00:00,usd_mxn,17.7,17.72,0.113
2024-07-17 17:57:54+00:00,usd_mxn,17.7,17.72,0.113
2024-07-17 17:57:55+00:00,usd_mxn,17.7,17.72,0.113
2024-07-17 17:57:56+00:00,usd_mxn,17.7,17.72,0.113
2024-07-17 17:57:57+00:00,usd_mxn,17.7,17.72,0.113
2024-07-17 17:57:58+00:00,usd_mxn,17.7,17.72,0.113
2024-07-17 17:58:00+00:00,usd_mxn,17.7,17.72,0.113
2024-07-17 17:58:01+00:00,usd_mxn,17.7,17.72,0.113
2024-07-17 17:58:02+00:00,usd_mxn,17.7,17.72,0.113
2024-07-17 17:58:03+00:00,usd_mxn,17.7,17.72,0.113
2024-07-17 17:58:04+00:00,usd_mxn,17.7,17.72,0.113
2024-07-17 17:58:05+00:00,usd_mxn,17.7,17.72,0.113
2024-07-17 17:58:06+00:00,usd_mxn,17.7,17.72,0.113
2024-07-17 17:58:07+00:00,usd_mxn,17.7,17.72,0.113
2024-07-17 17:58:08+00:00,usd_mxn,17.7,17.72,0.113
2024-07-17 17:58:09+00:00,usd_mxn,17.7,17.72,0.113
2024-07-17 17:58:10+00:00,usd_mxn,17.7,17.72,0.113
2024-07-17 17:58:11+00:00,usd_mxn,17.7,17.72,0.113
2024-07-17 17:58:12+00:00,usd_mxn,17.7,17.72,0.113
2024-07-17 17:58:13+00:00,usd_mxn,17.7,17.72,0.113
2024-07-17 17:58:14+00:00,usd_mxn,17.7,17.72,0.113
2024-07-17 17:58:15+00:00,usd_mxn,17.7,17.72,0.113
2024-07-17 17:58:16+00:00,usd_mxn,17.7,17.72,0.113
2024-07-17 17:58:17+00:00,usd_mxn,17.7,17.72,0.113
2024-07-17 17:58:18+00:00,usd_mxn,17.7,17.72,0.113
2024-07-17 17:58:19+00:00,usd_mxn,17.7,17.72,0.113
2024-07-17 17:58:20+00:00,usd_mxn,17.7,17.72,0.113
2024-07-17 17:58:21+00:00,usd_mxn,17.7,17.72,0.113
2024-07-17 17:58:22+00:00,usd_mxn,17.7,17.72,0.113
2024-07-17 17:58:23+00:00,usd_mxn,17.7,17.72,0.113
2024-07-17 17:58:24+00:00,usd_mxn,17.7,17.72,0.113
2024-07-17 17:58:25+00:00,usd_mxn,17.7,17.72,0.113
2024-07-17 17:58:26+00:00,usd_mxn,17.7,17.72,0.113
2024-07-17 17:58:27+00:00,usd_mxn,17.7,17.72,0.113
2024-07-17 17:58:28+00:00,usd_mxn,17.7,17.72,0.113
2024-07-17 17:58:29+00:00,usd_mxn,17.7,17.72,0.113
2024-07-17 17:58:30+00:00,usd_mxn,17.7,17.72,0.113
2024-07-17 17:58:31+00:00,usd_mxn,17.7,17.72,0.113
2024-07-17 17:58:32+00:00,usd_mxn,17.7,17.72,0.113
2024-07-17 17:58:33+00:00,usd_mxn,17.7,17.72,0.113
2024-07-17 17:58:34+00:00,usd_mxn,17.7,17.72,0.113
2024-07-17 17:58:35+00:00,usd_mxn,17.7,17.72,0.113
2024-07-17 17:58:37+00:00,usd_mxn,17.7,17.72,0.113
2024-07-17 17:58:38+00:00,usd_mxn,17.7,17.72,0.113
2024-07-17 17:58:39+00:00,usd_mxn,17.7,17.72,0.113
2024-07-17 17:58:40+00:00,usd_mxn,17.7,17.72,0.113
2024-07-17 17:58:41+00:00,usd_mxn,17.7,17.72,0.113
2024-07-17 17:58:42+00:00,usd_mxn,17.7,17.72,0.113
2024-07-17 17:58:43+00:00,usd_mxn,17.7,17.72,0.113
2024-07-17 17:58:44+00:00,usd_mxn,17.7,17.72,0.113
2024-07-17 17:58:45+00:00,usd_mxn,17.7,17.72,0.113
2024-07-17 17:58:46+00:00,usd_mxn,17.7,17.72,0.113
2024-07-17 17:58:47+00:00,usd_mxn,17.7,17.72,0.113
2024-07-17 17:58:48+00:00,usd_mxn,17.7,17.72,0.113
2024-07-17 17:58:49+00:00,usd_mxn,17.7,17.72,0.113
2024-07-17 17:58:50+00:00,usd_mxn,17.7,17.72,0.113
2024-07-17 17:58:51+00:00,usd_mxn,17.7,17.72,0.113
2024-07-17 17:58:52+00:00,usd_mxn,17.7,17.72,0.113
2024-07-17 17:58:53+00:00,usd_mxn,17.7,17.72,0.113
2024-07-17 17:58:54+00:00,usd_mxn,17.7,17.72,0.113
2024-07-17 17:58:55+00:00,usd_mxn,17.7,17.72,0.113
2024-07-17 17:58:56+00:00,usd_mxn,17.7,17.72,0.113
2024-07-17 17:58:57+00:00,usd_mxn,17.7,17.72,0.113
2024-07-17 17:58:58+00:00,usd_mxn,17.7,17.72,0.113
2024-07-17 17:58:59+00:00,usd_mxn,17.7,17.72,0.113
2024-07-17 17:59:00+00:00,usd_mxn,17.7,17.72,0.113
2024-07-17 17:59:01+00:00,usd_mxn,17.7,17.72,0.113
2024-07-17 17:59:02+00:00,usd_mxn,17.7,17.72,0.113
