orderbook_timestamp,book,bid,ask,spread
2024-07-17 19:18:23+00:00,btc_mxn,1140569.98,1140570.02,0.0
2024-07-17 19:18:24+00:00,btc_mxn,1140569.98,1140570.02,0.0
2024-07-17 19:18:25+00:00,btc_mxn,1140569.98,1140570.02,0.0
2024-07-17 19:18:26+00:00,btc_mxn,1140569.98,1140570.02,0.0
2024-07-17 19:18:27+00:00,btc_mxn,1140569.98,1140570.02,0.0
2024-07-17 19:18:28+00:00,btc_mxn,1140569.98,1140570.02,0.0
2024-07-17 19:18:29+00:00,btc_mxn,1140569.98,1140570.02,0.0
2024-07-17 19:18:30+00:00,btc_mxn,1140569.98,1140570.02,0.0
2024-07-17 19:18:31+00:00,btc_mxn,1140569.98,1140570.02,0.0
2024-07-17 19:18:32+00:00,btc_mxn,1140569.98,1140570.02,0.0
2024-07-17 19:18:33+00:00,btc_mxn,1140569.98,1140570.02,0.0
2024-07-17 19:18:34+00:00,btc_mxn,1140569.98,1140570.02,0.0
2024-07-17 19:18:35+00:00,btc_mxn,1140569.98,1140570.02,0.0
2024-07-17 19:18:36+00:00,btc_mxn,1140569.98,1140570.02,0.0
2024-07-17 19:18:37+00:00,btc_mxn,1140569.98,1140570.02,0.0
2024-07-17 19:18:38+00:00,btc_mxn,1140569.98,1140570.02,0.0
2024-07-17 19:18:39+00:00,btc_mxn,1140569.98,1140570.02,0.0
2024-07-17 19:18:40+00:00,btc_mxn,1140569.98,1140570.02,0.0
2024-07-17 19:18:41+00:00,btc_mxn,1140569.98,1140570.02,0.0
2024-07-17 19:18:42+00:00,btc_mxn,1140569.98,1140570.02,0.0
2024-07-17 19:18:43+00:00,btc_mxn,1140569.98,1140570.02,0.0
2024-07-17 19:18:44+00:00,btc_mxn,1140569.98,1140570.02,0.0
2024-07-17 19:18:45+00:00,btc_mxn,1140569.98,1140570.02,0.0
2024-07-17 19:18:46+00:00,btc_mxn,1140569.98,1140570.02,0.0
2024-07-17 19:18:47+00:00,btc_mxn,1140569.98,1140570.02,0.0
2024-07-17 19:18:48+00:00,btc_mxn,1140569.98,1140570.02,0.0
2024-07-17 19:18:49+00:00,btc_mxn,1140569.98,1140570.02,0.0
2024-07-17 19:18:50+00:00,btc_mxn,1140569.98,1140570.02,0.0
2024-07-17 19:18:51+00:00,btc_mxn,1140569.98,1140570.02,0.0
2024-07-17 19:18:53+00:00,btc_mxn,1140569.98,1140570.02,0.0
2024-07-17 19:18:54+00:00,btc_mxn,1140569.98,1140570.02,0.0
2024-07-17 19:18:55+00:00,btc_mxn,1140569.98,1140570.02,0.0
2024-07-17 19:18:56+00:00,btc_mxn,1140569.98,1140570.02,0.0
2024-07-17 19:18:57+00:00,btc_mxn,1140569.98,1140570.02,0.0
2024-07-17 19:18:58+00:00,btc_mxn,1140569.98,1140570.02,0.0
2024-07-17 19:18:59+00:00,btc_mxn,1140569.98,1140570.02,0.0
2024-07-17 19:19:00+00:00,btc_mxn,1140569.98,1140570.02,0.0
2024-07-17 19:19:01+00:00,btc_mxn,1140569.98,1140570.02,0.0
2024-07-17 19:19:02+00:00,btc_mxn,1140569.98,1140570.02,0.0
2024-07-17 19:19:03+00:00,btc_mxn,1140569.98,1140570.02,0.0
2024-07-17 19:19:04+00:00,btc_mxn,1140569.98,1140570.02,0.0
2024-07-17 19:19:05+00:00,btc_mxn,1140569.98,1140570.02,0.0
2024-07-17 19:19:06+00:00,btc_mxn,1140569.98,1140570.02,0.0
2024-07-17 19:19:07+00:00,btc_mxn,1140569.98,1140570.02,0.0
2024-07-17 19:19:08+00:00,btc_mxn,1140569.98,1140570.02,0.0
2024-07-17 19:19:10+00:00,btc_mxn,1140569.98,1140570.02,0.0
2024-07-17 19:19:11+00:00,btc_mxn,1140569.98,1140570.02,0.0
2024-07-17 19:19:12+00:00,btc_mxn,1140569.98,1140570.02,0.0
2024-07-17 19:19:13+00:00,btc_mxn,1140569.98,1140570.02,0.0
2024-07-17 19:19:14+00:00,btc_mxn,1140569.98,1140570.02,0.0
2024-07-17 19:19:15+00:00,btc_mxn,1140569.98,1140570.02,0.0
2024-07-17 19:19:16+00:00,btc_mxn,1140569.98,1140570.02,0.0
2024-07-17 19:19:17+00:00,btc_mxn,1140569.98,1140570.02,0.0
2024-07-17 19:19:18+00:00,btc_mxn,1140569.98,1140570.02,0.0
2024-07-17 19:19:19+00:00,btc_mxn,1140569.98,1140570.02,0.0
2024-07-17 19:19:20+00:00,btc_mxn,1140569.98,1140570.02,0.0
2024-07-17 19:19:21+00:00,btc_mxn,1140569.98,1140570.02,0.0
2024-07-17 19:19:22+00:00,btc_mxn,1140569.98,1140570.02,0.0
2024-07-17 19:19:23+00:00,btc_mxn,1140569.98,1140570.02,0.0
2024-07-17 19:19:24+00:00,btc_mxn,1140569.98,1140570.02,0.0
2024-07-17 19:19:25+00:00,btc_mxn,1140569.98,1140570.02,0.0
2024-07-17 19:19:26+00:00,btc_mxn,1140569.98,1140570.02,0.0
2024-07-17 19:19:27+00:00,btc_mxn,1140569.98,1140570.02,0.0
2024-07-17 19:19:28+00:00,btc_mxn,1140569.98,1140570.02,0.0
2024-07-17 19:19:29+00:00,btc_mxn,1140569.98,1140570.02,0.0
2024-07-17 19:19:30+00:00,btc_mxn,1140569.98,1140570.02,0.0
2024-07-17 19:19:31+00:00,btc_mxn,1140569.98,1140570.02,0.0
2024-07-17 19:19:32+00:00,btc_mxn,1140569.98,1140570.02,0.0
2024-07-17 19:19:33+00:00,btc_mxn,1140569.98,1140570.02,0.0
2024-07-17 19:19:34+00:00,btc_mxn,1140569.98,1140570.02,0.0
2024-07-17 19:19:35+00:00,btc_mxn,1140569.98,1140570.02,0.0
2024-07-17 19:19:36+00:00,btc_mxn,1140569.98,1140570.02,0.0
2024-07-17 19:19:37+00:00,btc_mxn,1140569.98,1140570.02,0.0
2024-07-17 19:19:38+00:00,btc_mxn,1140569.98,1140570.02,0.0
2024-07-17 19:19:39+00:00,btc_mxn,1140569.98,1140570.02,0.0
2024-07-17 19:19:40+00:00,btc_mxn,1140569.98,1140570.02,0.0
2024-07-17 19:19:42+00:00,btc_mxn,1140569.98,1140570.02,0.0
2024-07-17 19:19:42+00:00,btc_mxn,1140569.98,1140570.02,0.0
2024-07-17 19:19:43+00:00,btc_mxn,1140569.98,1140570.02,0.0
2024-07-17 19:19:44+00:00,btc_mxn,1140569.98,1140570.02,0.0
2024-07-17 19:19:45+00:00,btc_mxn,1140569.98,1140570.02,0.0
2024-07-17 19:19:46+00:00,btc_mxn,1140569.98,1140570.02,0.0
2024-07-17 19:19:47+00:00,btc_mxn,1140569.98,1140570.02,0.0
2024-07-17 19:19:48+00:00,btc_mxn,1140569.98,1140570.02,0.0
2024-07-17 19:19:49+00:00,btc_mxn,1140569.98,1140570.02,0.0
2024-07-17 19:19:50+00:00,btc_mxn,1140569.98,1140570.02,0.0
2024-07-17 19:19:51+00:00,btc_mxn,1140569.98,1140570.02,0.0
2024-07-17 19:19:52+00:00,btc_mxn,1140569.98,1140570.02,0.0
2024-07-17 19:19:53+00:00,btc_mxn,1140569.98,1140570.02,0.0
2024-07-17 19:19:54+00:00,btc_mxn,1140569.98,1140570.02,0.0
2024-07-17 19:19:55+00:00,btc_mxn,1140569.98,1140570.02,0.0
2024-07-17 19:19:56+00:00,btc_mxn,1140569.98,1140570.02,0.0
2024-07-17 19:19:57+00:00,btc_mxn,1140569.98,1140570.02,0.0
2024-07-17 19:19:58+00:00,btc_mxn,1140569.98,1140570.02,0.0
2024-07-17 19:19:59+00:00,btc_mxn,1140569.98,1140570.02,0.0
2024-07-17 19:20:00+00:00,btc_mxn,1140569.98,1140570.02,0.0
2024-07-17 19:20:01+00:00,btc_mxn,1140569.98,1140570.02,0.0
2024-07-17 19:20:02+00:00,btc_mxn,1140569.98,1140570.02,0.0
2024-07-17 19:20:03+00:00,btc_mxn,1140569.98,1140570.02,0.0
2024-07-17 19:20:04+00:00,btc_mxn,1140569.98,1140570.02,0.0
2024-07-17 19:20:05+00:00,btc_mxn,1140569.98,1140570.02,0.0
2024-07-17 19:20:06+00:00,btc_mxn,1140569.98,1140570.02,0.0
2024-07-17 19:20:07+00:00,btc_mxn,1140569.98,1140570.02,0.0
2024-07-17 19:20:09+00:00,btc_mxn,1140569.98,1140570.02,0.0
2024-07-17 19:20:10+00:00,btc_mxn,1140569.98,1140570.02,0.0
2024-07-17 19:20:11+00:00,btc_mxn,1140569.98,1140570.02,0.0
2024-07-17 19:20:12+00:00,btc_mxn,1140569.98,1140570.02,0.0
2024-07-17 19:20:13+00:00,btc_mxn,1140569.98,1140570.02,0.0
2024-07-17 19:20:14+00:00,btc_mxn,1140569.98,1140570.02,0.0
2024-07-17 19:20:15+00:00,btc_mxn,1140569.98,1140570.02,0.0
2024-07-17 19:20:17+00:00,btc_mxn,1140569.98,1140570.02,0.0
2024-07-17 19:20:18+00:00,btc_mxn,1140569.98,1140570.02,0.0
2024-07-17 19:20:19+00:00,btc_mxn,1140569.98,1140570.02,0.0
2024-07-17 19:20:20+00:00,btc_mxn,1140569.98,1140570.02,0.0
2024-07-17 19:20:21+00:00,btc_mxn,1140569.98,1140570.02,0.0
2024-07-17 19:20:22+00:00,btc_mxn,1140569.98,1140570.02,0.0
2024-07-17 19:20:23+00:00,btc_mxn,1140569.98,1140570.02,0.0
2024-07-17 19:20:24+00:00,btc_mxn,1140569.98,1140570.02,0.0
2024-07-17 19:20:25+00:00,btc_mxn,1140569.98,1140570.02,0.0
2024-07-17 19:20:26+00:00,btc_mxn,1140569.98,1140570.02,0.0
2024-07-17 19:20:27+00:00,btc_mxn,1140569.98,1140570.02,0.0
2024-07-17 19:20:28+00:00,btc_mxn,1140569.98,1140570.02,0.0
2024-07-17 19:20:30+00:00,btc_mxn,1140569.98,1140570.02,0.0
2024-07-17 19:20:31+00:00,btc_mxn,1140569.98,1140570.02,0.0
2024-07-17 19:20:32+00:00,btc_mxn,1140569.98,1140570.02,0.0
2024-07-17 19:20:33+00:00,btc_mxn,1140569.98,1140570.02,0.0
2024-07-17 19:20:34+00:00,btc_mxn,1140569.98,1140570.02,0.0
2024-07-17 19:20:35+00:00,btc_mxn,1140569.98,1140570.02,0.0
2024-07-17 19:20:36+00:00,btc_mxn,1140569.98,1140570.02,0.0
2024-07-17 19:20:37+00:00,btc_mxn,1140569.98,1140570.02,0.0
2024-07-17 19:20:39+00:00,btc_mxn,1140569.98,1140570.02,0.0
2024-07-17 19:20:40+00:00,btc_mxn,1140569.98,1140570.02,0.0
2024-07-17 19:20:40+00:00,btc_mxn,1140569.98,1140570.02,0.0
2024-07-17 19:20:42+00:00,btc_mxn,1140569.98,1140570.02,0.0
2024-07-17 19:20:42+00:00,btc_mxn,1140569.98,1140570.02,0.0
2024-07-17 19:20:44+00:00,btc_mxn,1140569.98,1140570.02,0.0
2024-07-17 19:20:45+00:00,btc_mxn,1140569.98,1140570.02,0.0
2024-07-17 19:20:46+00:00,btc_mxn,1140569.98,1140570.02,0.0
2024-07-17 19:20:47+00:00,btc_mxn,1140569.98,1140570.02,0.0
2024-07-17 19:20:48+00:00,btc_mxn,1140569.98,1140570.02,0.0
2024-07-17 19:20:49+00:00,btc_mxn,1140569.98,1140570.02,0.0
2024-07-17 19:20:50+00:00,btc_mxn,1140569.98,1140570.02,0.0
2024-07-17 19:20:51+00:00,btc_mxn,1140569.98,1140570.02,0.0
2024-07-17 19:20:52+00:00,btc_mxn,1140569.98,1140570.02,0.0
2024-07-17 19:20:53+00:00,btc_mxn,1140569.98,1140570.02,0.0
2024-07-17 19:20:54+00:00,btc_mxn,1140569.98,1140570.02,0.0
2024-07-17 19:20:55+00:00,btc_mxn,1140569.98,1140570.02,0.0
2024-07-17 19:20:56+00:00,btc_mxn,1140569.98,1140570.02,0.0
2024-07-17 19:20:57+00:00,btc_mxn,1140569.98,1140570.02,0.0
2024-07-17 19:20:58+00:00,btc_mxn,1140569.98,1140570.02,0.0
2024-07-17 19:20:59+00:00,btc_mxn,1140569.98,1140570.02,0.0
2024-07-17 19:21:00+00:00,btc_mxn,1140569.98,1140570.02,0.0
2024-07-17 19:21:01+00:00,btc_mxn,1140569.98,1140570.02,0.0
2024-07-17 19:21:02+00:00,btc_mxn,1140569.98,1140570.02,0.0
2024-07-17 19:21:03+00:00,btc_mxn,1140569.98,1140570.02,0.0
2024-07-17 19:21:04+00:00,btc_mxn,1140569.98,1140570.02,0.0
2024-07-17 19:21:05+00:00,btc_mxn,1140569.98,1140570.02,0.0
2024-07-17 19:21:06+00:00,btc_mxn,1140569.98,1140570.02,0.0
2024-07-17 19:21:07+00:00,btc_mxn,1140569.98,1140570.02,0.0
2024-07-17 19:21:08+00:00,btc_mxn,1140569.98,1140570.02,0.0
2024-07-17 19:21:09+00:00,btc_mxn,1140569.98,1140570.02,0.0
2024-07-17 19:21:10+00:00,btc_mxn,1140569.98,1140570.02,0.0
2024-07-17 19:21:11+00:00,btc_mxn,1140569.98,1140570.02,0.0
2024-07-17 19:21:12+00:00,btc_mxn,1140569.98,1140570.02,0.0
2024-07-17 19:21:13+00:00,btc_mxn,1140569.98,1140570.02,0.0
2024-07-17 19:21:14+00:00,btc_mxn,1140569.98,1140570.02,0.0
2024-07-17 19:21:15+00:00,btc_mxn,1140569.98,1140570.02,0.0
2024-07-17 19:21:16+00:00,btc_mxn,1140569.98,1140570.02,0.0
2024-07-17 19:21:17+00:00,btc_mxn,1140569.98,1140570.02,0.0
2024-07-17 19:21:18+00:00,btc_mxn,1140569.98,1140570.02,0.0
2024-07-17 19:21:19+00:00,btc_mxn,1140569.98,1140570.02,0.0
2024-07-17 19:21:20+00:00,btc_mxn,1140569.98,1140570.02,0.0
2024-07-17 19:21:21+00:00,btc_mxn,1140569.98,1140570.02,0.0
2024-07-17 19:21:22+00:00,btc_mxn,1140569.98,1140570.02,0.0
2024-07-17 19:21:23+00:00,btc_mxn,1140569.98,1140570.02,0.0
2024-07-17 19:21:24+00:00,btc_mxn,1140569.98,1140570.02,0.0
2024-07-17 19:21:25+00:00,btc_mxn,1140569.98,1140570.02,0.0
2024-07-17 19:21:26+00:00,btc_mxn,1140569.98,1140570.02,0.0
2024-07-17 19:21:27+00:00,btc_mxn,1140569.98,1140570.02,0.0
2024-07-17 19:21:28+00:00,btc_mxn,1140569.98,1140570.02,0.0
2024-07-17 19:21:29+00:00,btc_mxn,1140569.98,1140570.02,0.0
2024-07-17 19:21:30+00:00,btc_mxn,1140569.98,1140570.02,0.0
2024-07-17 19:21:31+00:00,btc_mxn,1140569.98,1140570.02,0.0
2024-07-17 19:21:32+00:00,btc_mxn,1140569.98,1140570.02,0.0
2024-07-17 19:21:33+00:00,btc_mxn,1140569.98,1140570.02,0.0
2024-07-17 19:21:34+00:00,btc_mxn,1140569.98,1140570.02,0.0
2024-07-17 19:21:35+00:00,btc_mxn,1140569.98,1140570.02,0.0
2024-07-17 19:21:36+00:00,btc_mxn,1140569.98,1140570.02,0.0
2024-07-17 19:21:37+00:00,btc_mxn,1140569.98,1140570.02,0.0
2024-07-17 19:21:38+00:00,btc_mxn,1140569.98,1140570.02,0.0
2024-07-17 19:21:39+00:00,btc_mxn,1140569.98,1140570.02,0.0
2024-07-17 19:21:40+00:00,btc_mxn,1140569.98,1140570.02,0.0
2024-07-17 19:21:41+00:00,btc_mxn,1140569.98,1140570.02,0.0
2024-07-17 19:21:42+00:00,btc_mxn,1140569.98,1140570.02,0.0
2024-07-17 19:21:43+00:00,btc_mxn,1140569.98,1140570.02,0.0
2024-07-17 19:21:45+00:00,btc_mxn,1140569.98,1140570.02,0.0
2024-07-17 19:21:46+00:00,btc_mxn,1140569.98,1140570.02,0.0
2024-07-17 19:21:47+00:00,btc_mxn,1140569.98,1140570.02,0.0
2024-07-17 19:21:48+00:00,btc_mxn,1140569.98,1140570.02,0.0
2024-07-17 19:21:49+00:00,btc_mxn,1140569.98,1140570.02,0.0
2024-07-17 19:21:50+00:00,btc_mxn,1140569.98,1140570.02,0.0
2024-07-17 19:21:51+00:00,btc_mxn,1140569.98,1140570.02,0.0
2024-07-17 19:21:52+00:00,btc_mxn,1140569.98,1140570.02,0.0
2024-07-17 19:21:53+00:00,btc_mxn,1140569.98,1140570.02,0.0
2024-07-17 19:21:54+00:00,btc_mxn,1140569.98,1140570.02,0.0
2024-07-17 19:21:55+00:00,btc_mxn,1140569.98,1140570.02,0.0
2024-07-17 19:21:57+00:00,btc_mxn,1140569.98,1140570.02,0.0
2024-07-17 19:21:58+00:00,btc_mxn,1140569.98,1140570.02,0.0
2024-07-17 19:21:59+00:00,btc_mxn,1140569.98,1140570.02,0.0
2024-07-17 19:22:00+00:00,btc_mxn,1140569.98,1140570.02,0.0
2024-07-17 19:22:01+00:00,btc_mxn,1140569.98,1140570.02,0.0
2024-07-17 19:22:02+00:00,btc_mxn,1140569.98,1140570.02,0.0
2024-07-17 19:22:03+00:00,btc_mxn,1140569.98,1140570.02,0.0
2024-07-17 19:22:04+00:00,btc_mxn,1140569.98,1140570.02,0.0
2024-07-17 19:22:06+00:00,btc_mxn,1140569.98,1140570.02,0.0
2024-07-17 19:22:07+00:00,btc_mxn,1140569.98,1140570.02,0.0
2024-07-17 19:22:08+00:00,btc_mxn,1140569.98,1140570.02,0.0
2024-07-17 19:22:09+00:00,btc_mxn,1140569.98,1140570.02,0.0
2024-07-17 19:22:10+00:00,btc_mxn,1140999.98,1141000.02,0.0
2024-07-17 19:22:11+00:00,btc_mxn,1140999.98,1141000.0,0.0
2024-07-17 19:22:12+00:00,btc_mxn,1140999.98,1141000.0,0.0
2024-07-17 19:22:13+00:00,btc_mxn,1140999.98,1141000.0,0.0
2024-07-17 19:22:14+00:00,btc_mxn,1140999.98,1141000.0,0.0
2024-07-17 19:22:15+00:00,btc_mxn,1140999.98,1141000.0,0.0
2024-07-17 19:22:17+00:00,btc_mxn,1140999.98,1141000.0,0.0
2024-07-17 19:22:17+00:00,btc_mxn,1140999.98,1141000.0,0.0
2024-07-17 19:22:18+00:00,btc_mxn,1140999.98,1141000.0,0.0
2024-07-17 19:22:19+00:00,btc_mxn,1140999.98,1141000.0,0.0
2024-07-17 19:22:20+00:00,btc_mxn,1140999.98,1141000.0,0.0
2024-07-17 19:22:21+00:00,btc_mxn,1140999.98,1141000.0,0.0
2024-07-17 19:22:22+00:00,btc_mxn,1140999.98,1141000.0,0.0
2024-07-17 19:22:23+00:00,btc_mxn,1140999.98,1141000.0,0.0
2024-07-17 19:22:24+00:00,btc_mxn,1140999.98,1141000.0,0.0
2024-07-17 19:22:25+00:00,btc_mxn,1140999.98,1141000.0,0.0
2024-07-17 19:22:26+00:00,btc_mxn,1140999.98,1141000.0,0.0
2024-07-17 19:22:27+00:00,btc_mxn,1140999.98,1141000.0,0.0
2024-07-17 19:22:28+00:00,btc_mxn,1140999.98,1141000.02,0.0
2024-07-17 19:22:29+00:00,btc_mxn,1140999.98,1141000.02,0.0
2024-07-17 19:22:31+00:00,btc_mxn,1140999.98,1141000.02,0.0
2024-07-17 19:22:33+00:00,btc_mxn,1140999.98,1141000.02,0.0
2024-07-17 19:22:33+00:00,btc_mxn,1140999.98,1141000.02,0.0
2024-07-17 19:22:35+00:00,btc_mxn,1140999.98,1141000.02,0.0
2024-07-17 19:22:36+00:00,btc_mxn,1140999.98,1141000.02,0.0
2024-07-17 19:22:37+00:00,btc_mxn,1140999.98,1141000.02,0.0
2024-07-17 19:22:38+00:00,btc_mxn,1140999.98,1141000.02,0.0
2024-07-17 19:22:39+00:00,btc_mxn,1140999.98,1141000.02,0.0
2024-07-17 19:22:40+00:00,btc_mxn,1140999.98,1141000.02,0.0
2024-07-17 19:22:41+00:00,btc_mxn,1140999.98,1141000.02,0.0
2024-07-17 19:22:42+00:00,btc_mxn,1140999.98,1141000.02,0.0
2024-07-17 19:22:43+00:00,btc_mxn,1140999.98,1141000.02,0.0
2024-07-17 19:22:44+00:00,btc_mxn,1140999.98,1141000.02,0.0
2024-07-17 19:22:45+00:00,btc_mxn,1140999.98,1141000.02,0.0
2024-07-17 19:22:46+00:00,btc_mxn,1140999.98,1141000.02,0.0
2024-07-17 19:22:47+00:00,btc_mxn,1140999.98,1141000.02,0.0
2024-07-17 19:22:48+00:00,btc_mxn,1140999.98,1141000.02,0.0
2024-07-17 19:22:49+00:00,btc_mxn,1140999.98,1141000.02,0.0
2024-07-17 19:22:50+00:00,btc_mxn,1140999.98,1141000.02,0.0
2024-07-17 19:22:51+00:00,btc_mxn,1140999.98,1141000.02,0.0
2024-07-17 19:22:52+00:00,btc_mxn,1140999.98,1141000.02,0.0
2024-07-17 19:22:53+00:00,btc_mxn,1140999.98,1141000.02,0.0
2024-07-17 19:22:54+00:00,btc_mxn,1140999.98,1141000.02,0.0
2024-07-17 19:22:55+00:00,btc_mxn,1140999.98,1141000.02,0.0
2024-07-17 19:22:56+00:00,btc_mxn,1140999.98,1141000.02,0.0
2024-07-17 19:22:57+00:00,btc_mxn,1140999.98,1141000.02,0.0
2024-07-17 19:22:58+00:00,btc_mxn,1140999.98,1141000.02,0.0
2024-07-17 19:22:59+00:00,btc_mxn,1140999.98,1141000.02,0.0
2024-07-17 19:23:00+00:00,btc_mxn,1140999.98,1141000.02,0.0
2024-07-17 19:23:01+00:00,btc_mxn,1140999.98,1141000.02,0.0
2024-07-17 19:23:02+00:00,btc_mxn,1140999.98,1141000.02,0.0
2024-07-17 19:23:03+00:00,btc_mxn,1140999.98,1141000.02,0.0
2024-07-17 19:23:04+00:00,btc_mxn,1140999.98,1141000.02,0.0
2024-07-17 19:23:05+00:00,btc_mxn,1140999.98,1141000.02,0.0
2024-07-17 19:23:06+00:00,btc_mxn,1140999.98,1141000.02,0.0
2024-07-17 19:23:07+00:00,btc_mxn,1140999.98,1141000.02,0.0
2024-07-17 19:23:08+00:00,btc_mxn,1140999.98,1141000.02,0.0
2024-07-17 19:23:09+00:00,btc_mxn,1140999.98,1141000.02,0.0
2024-07-17 19:23:10+00:00,btc_mxn,1140999.98,1141000.02,0.0
2024-07-17 19:23:11+00:00,btc_mxn,1140999.98,1141000.02,0.0
2024-07-17 19:23:12+00:00,btc_mxn,1140999.98,1141000.02,0.0
2024-07-17 19:23:13+00:00,btc_mxn,1140999.98,1141000.02,0.0
2024-07-17 19:23:14+00:00,btc_mxn,1140999.98,1141000.02,0.0
2024-07-17 19:23:15+00:00,btc_mxn,1140999.98,1141000.02,0.0
2024-07-17 19:23:16+00:00,btc_mxn,1140999.98,1141000.02,0.0
2024-07-17 19:23:17+00:00,btc_mxn,1140999.98,1141000.02,0.0
2024-07-17 19:23:18+00:00,btc_mxn,1140999.98,1141000.02,0.0
2024-07-17 19:23:19+00:00,btc_mxn,1140999.98,1141000.02,0.0
2024-07-17 19:23:20+00:00,btc_mxn,1140999.98,1141000.02,0.0
2024-07-17 19:23:21+00:00,btc_mxn,1140999.98,1141000.02,0.0
2024-07-17 19:23:22+00:00,btc_mxn,1140999.98,1141000.02,0.0
2024-07-17 19:23:23+00:00,btc_mxn,1140999.98,1141000.02,0.0
2024-07-17 19:23:24+00:00,btc_mxn,1140999.98,1141000.02,0.0
2024-07-17 19:23:25+00:00,btc_mxn,1140999.98,1141000.02,0.0
2024-07-17 19:23:26+00:00,btc_mxn,1140999.98,1141000.02,0.0
2024-07-17 19:23:27+00:00,btc_mxn,1140999.98,1141000.02,0.0
2024-07-17 19:23:28+00:00,btc_mxn,1140999.98,1141000.02,0.0
2024-07-17 19:23:29+00:00,btc_mxn,1140999.98,1141000.02,0.0
2024-07-17 19:23:30+00:00,btc_mxn,1140999.98,1141000.02,0.0
2024-07-17 19:23:31+00:00,btc_mxn,1140999.98,1141000.02,0.0
2024-07-17 19:23:32+00:00,btc_mxn,1140999.98,1141000.02,0.0
2024-07-17 19:23:33+00:00,btc_mxn,1140999.98,1141000.02,0.0
2024-07-17 19:23:34+00:00,btc_mxn,1140999.98,1141000.02,0.0
2024-07-17 19:23:35+00:00,btc_mxn,1140999.98,1141000.02,0.0
2024-07-17 19:23:36+00:00,btc_mxn,1140999.98,1141000.02,0.0
2024-07-17 19:23:37+00:00,btc_mxn,1140999.98,1141000.02,0.0
2024-07-17 19:23:39+00:00,btc_mxn,1140999.98,1141000.02,0.0
2024-07-17 19:23:40+00:00,btc_mxn,1140999.98,1141000.02,0.0
2024-07-17 19:23:40+00:00,btc_mxn,1140999.98,1141000.02,0.0
2024-07-17 19:23:42+00:00,btc_mxn,1140999.98,1141000.02,0.0
2024-07-17 19:23:43+00:00,btc_mxn,1140999.98,1141000.02,0.0
2024-07-17 19:23:44+00:00,btc_mxn,1140999.98,1141000.02,0.0
2024-07-17 19:23:45+00:00,btc_mxn,1140999.98,1141000.02,0.0
2024-07-17 19:23:47+00:00,btc_mxn,1140999.98,1141000.02,0.0
2024-07-17 19:23:47+00:00,btc_mxn,1140999.98,1141000.02,0.0
2024-07-17 19:23:48+00:00,btc_mxn,1140999.98,1141000.02,0.0
2024-07-17 19:23:49+00:00,btc_mxn,1140999.98,1141000.02,0.0
2024-07-17 19:23:50+00:00,btc_mxn,1140999.98,1141000.02,0.0
2024-07-17 19:23:51+00:00,btc_mxn,1140999.98,1141000.02,0.0
2024-07-17 19:23:52+00:00,btc_mxn,1140999.98,1141000.02,0.0
2024-07-17 19:23:53+00:00,btc_mxn,1140999.98,1141000.02,0.0
2024-07-17 19:23:54+00:00,btc_mxn,1140999.98,1141000.02,0.0
2024-07-17 19:23:55+00:00,btc_mxn,1140999.98,1141000.02,0.0
2024-07-17 19:23:56+00:00,btc_mxn,1140999.98,1141000.02,0.0
2024-07-17 19:23:57+00:00,btc_mxn,1140999.98,1141000.02,0.0
2024-07-17 19:23:58+00:00,btc_mxn,1140999.98,1141000.02,0.0
2024-07-17 19:23:59+00:00,btc_mxn,1140999.98,1141000.02,0.0
2024-07-17 19:24:00+00:00,btc_mxn,1140999.98,1141000.02,0.0
2024-07-17 19:24:01+00:00,btc_mxn,1140999.98,1141000.02,0.0
2024-07-17 19:24:02+00:00,btc_mxn,1140999.98,1141000.02,0.0
2024-07-17 19:24:03+00:00,btc_mxn,1140999.98,1141000.02,0.0
2024-07-17 19:24:04+00:00,btc_mxn,1140999.98,1141000.02,0.0
2024-07-17 19:24:05+00:00,btc_mxn,1140999.98,1141000.02,0.0
2024-07-17 19:24:06+00:00,btc_mxn,1140999.98,1141000.02,0.0
2024-07-17 19:24:07+00:00,btc_mxn,1141490.0,1142350.0,0.075
2024-07-17 19:24:08+00:00,btc_mxn,1141490.0,1142350.0,0.075
2024-07-17 19:24:09+00:00,btc_mxn,1141700.0,1142350.0,0.057
2024-07-17 19:24:10+00:00,btc_mxn,1141700.0,1142350.0,0.057
2024-07-17 19:24:11+00:00,btc_mxn,1141700.0,1142350.0,0.057
2024-07-17 19:24:12+00:00,btc_mxn,1141700.0,1142350.0,0.057
2024-07-17 19:24:13+00:00,btc_mxn,1141700.0,1142350.0,0.057
2024-07-17 19:24:14+00:00,btc_mxn,1141700.0,1142350.0,0.057
2024-07-17 19:24:15+00:00,btc_mxn,1141700.0,1142350.0,0.057
2024-07-17 19:24:16+00:00,btc_mxn,1141780.0,1142350.0,0.05
2024-07-17 19:24:17+00:00,btc_mxn,1141780.0,1142350.0,0.05
2024-07-17 19:24:18+00:00,btc_mxn,1141780.0,1142350.0,0.05
2024-07-17 19:24:19+00:00,btc_mxn,1141780.0,1142350.0,0.05
2024-07-17 19:24:20+00:00,btc_mxn,1141780.0,1142350.0,0.05
2024-07-17 19:24:21+00:00,btc_mxn,1141780.0,1142350.0,0.05
2024-07-17 19:24:22+00:00,btc_mxn,1141780.0,1142350.0,0.05
2024-07-17 19:24:24+00:00,btc_mxn,1141900.0,1142350.0,0.039
2024-07-17 19:24:24+00:00,btc_mxn,1141900.0,1142350.0,0.039
2024-07-17 19:24:26+00:00,btc_mxn,1142130.0,1142350.0,0.019
2024-07-17 19:24:26+00:00,btc_mxn,1142130.0,1142350.0,0.019
2024-07-17 19:24:27+00:00,btc_mxn,1142130.0,1142350.0,0.019
2024-07-17 19:24:28+00:00,btc_mxn,1142130.0,1142350.0,0.019
2024-07-17 19:24:29+00:00,btc_mxn,1142130.0,1142350.0,0.019
2024-07-17 19:24:30+00:00,btc_mxn,1142130.0,1142350.0,0.019
2024-07-17 19:24:31+00:00,btc_mxn,1142130.0,1142350.0,0.019
2024-07-17 19:24:32+00:00,btc_mxn,1142130.0,1142350.0,0.019
2024-07-17 19:24:33+00:00,btc_mxn,1142130.0,1142350.0,0.019
2024-07-17 19:24:35+00:00,btc_mxn,1142130.0,1142350.0,0.019
2024-07-17 19:24:36+00:00,btc_mxn,1142130.0,1142350.0,0.019
2024-07-17 19:24:37+00:00,btc_mxn,1142130.0,1142350.0,0.019
2024-07-17 19:24:38+00:00,btc_mxn,1142130.0,1142350.0,0.019
2024-07-17 19:24:39+00:00,btc_mxn,1142130.0,1142350.0,0.019
2024-07-17 19:24:40+00:00,btc_mxn,1142130.0,1142350.0,0.019
2024-07-17 19:24:41+00:00,btc_mxn,1142130.0,1142350.0,0.019
2024-07-17 19:24:42+00:00,btc_mxn,1142130.0,1142350.0,0.019
2024-07-17 19:24:43+00:00,btc_mxn,1142130.0,1142350.0,0.019
2024-07-17 19:24:44+00:00,btc_mxn,1142130.0,1142350.0,0.019
2024-07-17 19:24:45+00:00,btc_mxn,1142130.0,1142350.0,0.019
2024-07-17 19:24:46+00:00,btc_mxn,1142130.0,1142350.0,0.019
2024-07-17 19:24:47+00:00,btc_mxn,1142130.0,1142350.0,0.019
2024-07-17 19:24:48+00:00,btc_mxn,1142130.0,1142350.0,0.019
2024-07-17 19:24:49+00:00,btc_mxn,1142130.0,1142350.0,0.019
2024-07-17 19:24:50+00:00,btc_mxn,1142130.0,1142350.0,0.019
2024-07-17 19:24:51+00:00,btc_mxn,1142130.0,1142350.0,0.019
2024-07-17 19:24:52+00:00,btc_mxn,1142130.0,1142350.0,0.019
2024-07-17 19:24:53+00:00,btc_mxn,1142130.0,1142350.0,0.019
2024-07-17 19:24:54+00:00,btc_mxn,1142130.0,1142350.0,0.019
2024-07-17 19:24:55+00:00,btc_mxn,1142130.0,1142350.0,0.019
2024-07-17 19:24:56+00:00,btc_mxn,1142130.0,1142350.0,0.019
2024-07-17 19:24:57+00:00,btc_mxn,1142130.0,1142350.0,0.019
2024-07-17 19:24:58+00:00,btc_mxn,1142130.0,1142350.0,0.019
2024-07-17 19:25:00+00:00,btc_mxn,1142130.0,1142350.0,0.019
2024-07-17 19:25:00+00:00,btc_mxn,1142130.0,1142350.0,0.019
2024-07-17 19:25:02+00:00,btc_mxn,1142130.0,1142350.0,0.019
2024-07-17 19:25:02+00:00,btc_mxn,1142130.0,1142350.0,0.019
2024-07-17 19:25:03+00:00,btc_mxn,1142130.0,1142350.0,0.019
2024-07-17 19:25:04+00:00,btc_mxn,1142130.0,1142350.0,0.019
2024-07-17 19:25:05+00:00,btc_mxn,1142360.0,1145960.0,0.314
2024-07-17 19:25:06+00:00,btc_mxn,1142360.0,1145960.0,0.314
2024-07-17 19:25:07+00:00,btc_mxn,1142360.0,1145960.0,0.314
2024-07-17 19:25:08+00:00,btc_mxn,1142360.0,1145960.0,0.314
2024-07-17 19:25:09+00:00,btc_mxn,1142360.0,1145960.0,0.314
2024-07-17 19:25:10+00:00,btc_mxn,1142360.0,1145960.0,0.314
2024-07-17 19:25:11+00:00,btc_mxn,1142360.0,1145960.0,0.314
2024-07-17 19:25:12+00:00,btc_mxn,1142360.0,1145960.0,0.314
2024-07-17 19:25:13+00:00,btc_mxn,1142360.0,1145960.0,0.314
2024-07-17 19:25:14+00:00,btc_mxn,1142360.0,1145960.0,0.314
2024-07-17 19:25:16+00:00,btc_mxn,1142360.0,1145960.0,0.314
2024-07-17 19:25:17+00:00,btc_mxn,1142360.0,1145960.0,0.314
2024-07-17 19:25:17+00:00,btc_mxn,1142360.0,1145960.0,0.314
2024-07-17 19:25:18+00:00,btc_mxn,1142360.0,1145960.0,0.314
2024-07-17 19:25:19+00:00,btc_mxn,1142360.0,1145120.0,0.241
2024-07-17 19:25:20+00:00,btc_mxn,1142360.0,1145120.0,0.241
2024-07-17 19:25:21+00:00,btc_mxn,1142360.0,1145120.0,0.241
2024-07-17 19:25:23+00:00,btc_mxn,1142360.0,1145960.0,0.314
2024-07-17 19:25:24+00:00,btc_mxn,1142410.0,1145960.0,0.31
2024-07-17 19:25:24+00:00,btc_mxn,1142410.0,1145960.0,0.31
2024-07-17 19:25:26+00:00,btc_mxn,1142410.0,1145960.0,0.31
2024-07-17 19:25:27+00:00,btc_mxn,1142410.0,1145960.0,0.31
2024-07-17 19:25:28+00:00,btc_mxn,1142410.0,1145960.0,0.31
2024-07-17 19:25:29+00:00,btc_mxn,1142410.0,1145960.0,0.31
2024-07-17 19:25:30+00:00,btc_mxn,1142410.0,1145960.0,0.31
2024-07-17 19:25:31+00:00,btc_mxn,1142470.0,1145960.0,0.305
2024-07-17 19:25:32+00:00,btc_mxn,1142470.0,1145960.0,0.305
2024-07-17 19:25:33+00:00,btc_mxn,1142470.0,1145960.0,0.305
2024-07-17 19:25:34+00:00,btc_mxn,1142470.0,1145960.0,0.305
2024-07-17 19:25:35+00:00,btc_mxn,1142470.0,1145960.0,0.305
2024-07-17 19:25:36+00:00,btc_mxn,1142470.0,1145960.0,0.305
2024-07-17 19:25:37+00:00,btc_mxn,1142470.0,1145960.0,0.305
2024-07-17 19:25:38+00:00,btc_mxn,1142490.0,1145960.0,0.303
2024-07-17 19:25:39+00:00,btc_mxn,1142490.0,1145960.0,0.303
2024-07-17 19:25:40+00:00,btc_mxn,1142490.0,1145960.0,0.303
2024-07-17 19:25:41+00:00,btc_mxn,1142490.0,1145960.0,0.303
2024-07-17 19:25:42+00:00,btc_mxn,1142490.0,1145960.0,0.303
2024-07-17 19:25:43+00:00,btc_mxn,1142490.0,1145960.0,0.303
2024-07-17 19:25:44+00:00,btc_mxn,1142490.0,1145960.0,0.303
2024-07-17 19:25:45+00:00,btc_mxn,1142490.0,1145960.0,0.303
2024-07-17 19:25:46+00:00,btc_mxn,1142490.0,1145960.0,0.303
2024-07-17 19:25:47+00:00,btc_mxn,1142490.0,1145960.0,0.303
2024-07-17 19:25:48+00:00,btc_mxn,1142490.0,1145960.0,0.303
2024-07-17 19:25:49+00:00,btc_mxn,1142490.0,1145960.0,0.303
2024-07-17 19:25:50+00:00,btc_mxn,1142490.0,1145960.0,0.303
2024-07-17 19:25:51+00:00,btc_mxn,1142490.0,1145960.0,0.303
2024-07-17 19:25:52+00:00,btc_mxn,1142490.0,1145960.0,0.303
2024-07-17 19:25:53+00:00,btc_mxn,1142490.0,1145960.0,0.303
2024-07-17 19:25:54+00:00,btc_mxn,1142490.0,1145960.0,0.303
2024-07-17 19:25:55+00:00,btc_mxn,1142490.0,1145960.0,0.303
2024-07-17 19:25:56+00:00,btc_mxn,1142490.0,1145960.0,0.303
2024-07-17 19:25:57+00:00,btc_mxn,1142490.0,1145960.0,0.303
2024-07-17 19:25:58+00:00,btc_mxn,1142490.0,1145960.0,0.303
2024-07-17 19:25:59+00:00,btc_mxn,1142490.0,1145960.0,0.303
2024-07-17 19:26:00+00:00,btc_mxn,1142490.0,1145960.0,0.303
2024-07-17 19:26:01+00:00,btc_mxn,1142490.0,1145960.0,0.303
2024-07-17 19:26:02+00:00,btc_mxn,1142490.0,1145960.0,0.303
2024-07-17 19:26:03+00:00,btc_mxn,1142490.0,1145960.0,0.303
2024-07-17 19:26:05+00:00,btc_mxn,1142490.0,1145960.0,0.303
2024-07-17 19:26:06+00:00,btc_mxn,1142490.0,1145960.0,0.303
2024-07-17 19:26:07+00:00,btc_mxn,1142490.0,1145960.0,0.303
2024-07-17 19:26:08+00:00,btc_mxn,1142470.0,1145960.0,0.305
2024-07-17 19:26:09+00:00,btc_mxn,1142470.0,1143990.0,0.133
2024-07-17 19:26:10+00:00,btc_mxn,1142470.0,1143990.0,0.133
2024-07-17 19:26:11+00:00,btc_mxn,1142470.0,1143990.0,0.133
2024-07-17 19:26:12+00:00,btc_mxn,1142950.0,1143990.0,0.091
2024-07-17 19:26:13+00:00,btc_mxn,1142470.0,1144770.0,0.201
2024-07-17 19:26:14+00:00,btc_mxn,1142470.0,1144770.0,0.201
2024-07-17 19:26:15+00:00,btc_mxn,1142470.0,1144770.0,0.201
2024-07-17 19:26:16+00:00,btc_mxn,1142970.0,1144770.0,0.157
2024-07-17 19:26:17+00:00,btc_mxn,1142970.0,1144770.0,0.157
2024-07-17 19:26:18+00:00,btc_mxn,1142970.0,1144920.0,0.17
2024-07-17 19:26:19+00:00,btc_mxn,1142970.0,1144920.0,0.17
2024-07-17 19:26:20+00:00,btc_mxn,1142970.0,1144860.0,0.165
2024-07-17 19:26:21+00:00,btc_mxn,1142970.0,1144850.0,0.164
2024-07-17 19:26:22+00:00,btc_mxn,1142970.0,1144850.0,0.164
2024-07-17 19:26:24+00:00,btc_mxn,1142970.0,1144850.0,0.164
2024-07-17 19:26:25+00:00,btc_mxn,1142970.0,1144850.0,0.164
2024-07-17 19:26:26+00:00,btc_mxn,1141490.0,1144850.0,0.293
2024-07-17 19:26:27+00:00,btc_mxn,1141490.0,1144850.0,0.293
2024-07-17 19:26:28+00:00,btc_mxn,1141490.0,1144850.0,0.293
2024-07-17 19:26:29+00:00,btc_mxn,1141490.0,1144850.0,0.293
2024-07-17 19:26:30+00:00,btc_mxn,1141490.0,1144850.0,0.293
2024-07-17 19:26:31+00:00,btc_mxn,1141490.0,1144850.0,0.293
2024-07-17 19:26:32+00:00,btc_mxn,1141490.0,1144850.0,0.293
2024-07-17 19:26:33+00:00,btc_mxn,1141490.0,1144850.0,0.293
2024-07-17 19:26:34+00:00,btc_mxn,1141490.0,1144850.0,0.293
2024-07-17 19:26:35+00:00,btc_mxn,1141490.0,1144850.0,0.293
2024-07-17 19:26:36+00:00,btc_mxn,1141490.0,1144850.0,0.293
2024-07-17 19:26:37+00:00,btc_mxn,1141490.0,1144850.0,0.293
2024-07-17 19:26:38+00:00,btc_mxn,1141490.0,1144850.0,0.293
2024-07-17 19:26:39+00:00,btc_mxn,1141490.0,1144850.0,0.293
2024-07-17 19:26:40+00:00,btc_mxn,1141490.0,1144850.0,0.293
2024-07-17 19:26:41+00:00,btc_mxn,1141490.0,1144850.0,0.293
2024-07-17 19:26:42+00:00,btc_mxn,1141490.0,1144850.0,0.293
2024-07-17 19:26:43+00:00,btc_mxn,1141490.0,1144850.0,0.293
2024-07-17 19:26:44+00:00,btc_mxn,1141490.0,1144850.0,0.293
2024-07-17 19:26:45+00:00,btc_mxn,1141490.0,1144850.0,0.293
2024-07-17 19:26:46+00:00,btc_mxn,1141490.0,1144850.0,0.293
2024-07-17 19:26:47+00:00,btc_mxn,1141490.0,1144850.0,0.293
2024-07-17 19:26:48+00:00,btc_mxn,1141490.0,1144850.0,0.293
2024-07-17 19:26:49+00:00,btc_mxn,1141490.0,1144850.0,0.293
2024-07-17 19:26:51+00:00,btc_mxn,1141490.0,1144850.0,0.293
2024-07-17 19:26:52+00:00,btc_mxn,1141490.0,1144850.0,0.293
2024-07-17 19:26:53+00:00,btc_mxn,1141490.0,1144850.0,0.293
2024-07-17 19:26:54+00:00,btc_mxn,1141490.0,1144850.0,0.293
2024-07-17 19:26:55+00:00,btc_mxn,1141490.0,1144850.0,0.293
2024-07-17 19:26:56+00:00,btc_mxn,1141490.0,1144850.0,0.293
2024-07-17 19:26:57+00:00,btc_mxn,1141490.0,1144850.0,0.293
2024-07-17 19:26:58+00:00,btc_mxn,1141490.0,1144850.0,0.293
2024-07-17 19:26:59+00:00,btc_mxn,1141490.0,1144850.0,0.293
2024-07-17 19:27:00+00:00,btc_mxn,1141490.0,1144850.0,0.293
2024-07-17 19:27:01+00:00,btc_mxn,1143620.0,1144850.0,0.107
2024-07-17 19:27:02+00:00,btc_mxn,1143620.0,1144850.0,0.107
2024-07-17 19:27:03+00:00,btc_mxn,1143620.0,1144850.0,0.107
2024-07-17 19:27:04+00:00,btc_mxn,1143620.0,1144850.0,0.107
2024-07-17 19:27:05+00:00,btc_mxn,1143620.0,1144850.0,0.107
2024-07-17 19:27:06+00:00,btc_mxn,1143620.0,1144850.0,0.107
2024-07-17 19:27:07+00:00,btc_mxn,1143620.0,1144850.0,0.107
2024-07-17 19:27:08+00:00,btc_mxn,1143620.0,1144850.0,0.107
2024-07-17 19:27:09+00:00,btc_mxn,1143399.98,1143400.02,0.0
2024-07-17 19:27:10+00:00,btc_mxn,1143399.98,1143400.02,0.0
2024-07-17 19:27:11+00:00,btc_mxn,1143399.98,1143400.02,0.0
2024-07-17 19:27:13+00:00,btc_mxn,1143399.98,1143400.02,0.0
2024-07-17 19:27:13+00:00,btc_mxn,1143399.98,1143400.02,0.0
2024-07-17 19:27:14+00:00,btc_mxn,1143399.98,1143400.02,0.0
2024-07-17 19:27:16+00:00,btc_mxn,1143399.98,1143400.02,0.0
2024-07-17 19:27:16+00:00,btc_mxn,1143399.98,1143400.02,0.0
2024-07-17 19:27:17+00:00,btc_mxn,1143399.98,1143400.02,0.0
2024-07-17 19:27:18+00:00,btc_mxn,1143399.98,1143400.02,0.0
2024-07-17 19:27:19+00:00,btc_mxn,1143399.98,1143400.02,0.0
2024-07-17 19:27:21+00:00,btc_mxn,1143399.98,1143400.02,0.0
2024-07-17 19:27:21+00:00,btc_mxn,1143399.98,1143400.02,0.0
2024-07-17 19:27:22+00:00,btc_mxn,1143399.98,1143400.02,0.0
2024-07-17 19:27:24+00:00,btc_mxn,1143399.98,1143400.02,0.0
2024-07-17 19:27:24+00:00,btc_mxn,1143399.98,1143400.02,0.0
2024-07-17 19:27:26+00:00,btc_mxn,1143399.98,1143400.02,0.0
2024-07-17 19:27:27+00:00,btc_mxn,1143399.98,1143400.02,0.0
2024-07-17 19:27:29+00:00,btc_mxn,1143399.98,1143400.02,0.0
2024-07-17 19:27:30+00:00,btc_mxn,1143399.98,1143400.02,0.0
2024-07-17 19:27:31+00:00,btc_mxn,1143399.98,1143400.02,0.0
2024-07-17 19:27:32+00:00,btc_mxn,1143399.98,1143400.02,0.0
2024-07-17 19:27:33+00:00,btc_mxn,1143399.98,1143400.02,0.0
2024-07-17 19:27:34+00:00,btc_mxn,1143399.98,1143400.02,0.0
2024-07-17 19:27:35+00:00,btc_mxn,1143399.98,1143400.02,0.0
2024-07-17 19:27:36+00:00,btc_mxn,1143399.98,1143400.02,0.0
2024-07-17 19:27:37+00:00,btc_mxn,1143399.98,1143400.02,0.0
2024-07-17 19:27:38+00:00,btc_mxn,1143399.98,1143400.02,0.0
2024-07-17 19:27:39+00:00,btc_mxn,1143399.98,1143400.02,0.0
2024-07-17 19:27:40+00:00,btc_mxn,1143399.98,1143400.02,0.0
2024-07-17 19:27:41+00:00,btc_mxn,1143399.98,1143400.02,0.0
2024-07-17 19:27:42+00:00,btc_mxn,1143399.98,1143400.02,0.0
2024-07-17 19:27:43+00:00,btc_mxn,1143399.98,1143400.02,0.0
2024-07-17 19:27:44+00:00,btc_mxn,1143399.98,1143400.02,0.0
2024-07-17 19:27:45+00:00,btc_mxn,1143399.98,1143400.02,0.0
2024-07-17 19:27:46+00:00,btc_mxn,1143399.98,1143400.02,0.0
2024-07-17 19:27:47+00:00,btc_mxn,1143399.98,1143400.02,0.0
2024-07-17 19:27:48+00:00,btc_mxn,1143399.98,1143400.02,0.0
2024-07-17 19:27:49+00:00,btc_mxn,1143399.98,1143400.02,0.0
2024-07-17 19:27:50+00:00,btc_mxn,1143399.98,1143400.02,0.0
2024-07-17 19:27:51+00:00,btc_mxn,1143399.98,1143400.02,0.0
2024-07-17 19:27:52+00:00,btc_mxn,1143399.98,1143400.02,0.0
2024-07-17 19:27:53+00:00,btc_mxn,1143399.98,1143400.02,0.0
2024-07-17 19:27:54+00:00,btc_mxn,1143399.98,1143400.02,0.0
2024-07-17 19:27:55+00:00,btc_mxn,1143399.98,1143400.02,0.0
2024-07-17 19:27:56+00:00,btc_mxn,1143399.98,1143400.02,0.0
2024-07-17 19:27:57+00:00,btc_mxn,1143399.98,1143400.02,0.0
2024-07-17 19:27:58+00:00,btc_mxn,1143399.98,1143400.02,0.0
2024-07-17 19:27:59+00:00,btc_mxn,1143399.98,1143400.02,0.0
2024-07-17 19:28:00+00:00,btc_mxn,1143399.98,1143400.02,0.0
2024-07-17 19:28:01+00:00,btc_mxn,1143399.98,1143400.02,0.0
2024-07-17 19:28:02+00:00,btc_mxn,1143399.98,1143400.02,0.0
2024-07-17 19:28:03+00:00,btc_mxn,1143399.98,1143400.02,0.0
2024-07-17 19:28:04+00:00,btc_mxn,1143399.98,1143400.02,0.0
2024-07-17 19:28:05+00:00,btc_mxn,1143399.98,1143400.02,0.0
2024-07-17 19:28:06+00:00,btc_mxn,1143399.98,1143400.02,0.0
2024-07-17 19:28:07+00:00,btc_mxn,1143399.98,1143400.02,0.0
2024-07-17 19:28:08+00:00,btc_mxn,1143399.98,1143400.02,0.0
2024-07-17 19:28:09+00:00,btc_mxn,1143399.98,1143400.02,0.0
2024-07-17 19:28:10+00:00,btc_mxn,1143399.98,1143400.02,0.0
2024-07-17 19:28:11+00:00,btc_mxn,1143399.98,1143400.02,0.0
2024-07-17 19:28:12+00:00,btc_mxn,1143399.98,1143400.02,0.0
2024-07-17 19:28:13+00:00,btc_mxn,1143399.98,1143400.02,0.0
2024-07-17 19:28:14+00:00,btc_mxn,1143399.98,1143400.02,0.0
2024-07-17 19:28:15+00:00,btc_mxn,1143399.98,1143400.02,0.0
2024-07-17 19:28:16+00:00,btc_mxn,1143399.98,1143400.02,0.0
2024-07-17 19:28:17+00:00,btc_mxn,1143399.98,1143400.02,0.0
2024-07-17 19:28:18+00:00,btc_mxn,1143399.98,1143400.02,0.0
2024-07-17 19:28:19+00:00,btc_mxn,1143399.98,1143400.02,0.0
2024-07-17 19:28:20+00:00,btc_mxn,1143399.98,1143400.02,0.0
2024-07-17 19:28:21+00:00,btc_mxn,1143399.98,1143400.02,0.0
2024-07-17 19:28:22+00:00,btc_mxn,1143399.98,1143400.02,0.0
2024-07-17 19:28:23+00:00,btc_mxn,1143399.98,1143400.02,0.0
2024-07-17 19:28:24+00:00,btc_mxn,1143399.98,1143400.02,0.0
2024-07-17 19:28:25+00:00,btc_mxn,1143399.98,1143400.02,0.0
2024-07-17 19:28:26+00:00,btc_mxn,1143399.98,1143400.02,0.0
2024-07-17 19:28:27+00:00,btc_mxn,1143399.98,1143400.02,0.0
2024-07-17 19:28:28+00:00,btc_mxn,1143399.98,1143400.02,0.0
2024-07-17 19:28:29+00:00,btc_mxn,1143399.98,1143400.02,0.0
2024-07-17 19:28:31+00:00,btc_mxn,1143399.98,1143400.02,0.0
2024-07-17 19:28:32+00:00,btc_mxn,1143399.98,1143400.02,0.0
2024-07-17 19:28:32+00:00,btc_mxn,1143399.98,1143400.02,0.0
2024-07-17 19:28:34+00:00,btc_mxn,1143399.98,1143400.02,0.0
2024-07-17 19:28:35+00:00,btc_mxn,1143399.98,1143400.02,0.0
2024-07-17 19:28:36+00:00,btc_mxn,1143399.98,1143400.02,0.0
2024-07-17 19:28:37+00:00,btc_mxn,1143399.98,1143400.02,0.0
2024-07-17 19:28:38+00:00,btc_mxn,1143399.98,1143400.02,0.0
2024-07-17 19:28:39+00:00,btc_mxn,1143399.98,1143400.02,0.0
2024-07-17 19:28:40+00:00,btc_mxn,1143399.98,1143400.02,0.0
2024-07-17 19:28:41+00:00,btc_mxn,1143399.98,1143400.02,0.0
2024-07-17 19:28:42+00:00,btc_mxn,1143399.98,1143400.02,0.0
