orderbook_timestamp,book,bid,ask,spread
2024-07-17 20:10:01+00:00,btc_mxn,1142149.98,1142150.02,0.0
2024-07-17 20:10:02+00:00,btc_mxn,1142149.98,1142150.02,0.0
2024-07-17 20:10:03+00:00,btc_mxn,1142149.98,1142150.02,0.0
2024-07-17 20:10:04+00:00,btc_mxn,1142149.98,1142150.02,0.0
2024-07-17 20:10:05+00:00,btc_mxn,1142149.98,1142150.02,0.0
2024-07-17 20:10:06+00:00,btc_mxn,1142149.98,1142150.02,0.0
2024-07-17 20:10:07+00:00,btc_mxn,1142149.98,1142150.02,0.0
2024-07-17 20:10:08+00:00,btc_mxn,1142149.98,1142150.02,0.0
2024-07-17 20:10:09+00:00,btc_mxn,1142149.98,1142150.02,0.0
2024-07-17 20:10:10+00:00,btc_mxn,1142149.98,1142150.02,0.0
2024-07-17 20:10:11+00:00,btc_mxn,1142149.98,1142150.02,0.0
2024-07-17 20:10:12+00:00,btc_mxn,1142149.98,1142150.02,0.0
2024-07-17 20:10:13+00:00,btc_mxn,1142149.98,1142150.02,0.0
2024-07-17 20:10:14+00:00,btc_mxn,1142149.98,1142150.02,0.0
2024-07-17 20:10:15+00:00,btc_mxn,1142149.98,1142150.02,0.0
2024-07-17 20:10:16+00:00,btc_mxn,1142149.98,1142150.02,0.0
2024-07-17 20:10:17+00:00,btc_mxn,1142149.98,1142150.02,0.0
2024-07-17 20:10:18+00:00,btc_mxn,1142149.98,1142150.02,0.0
2024-07-17 20:10:19+00:00,btc_mxn,1142149.98,1142150.02,0.0
2024-07-17 20:10:20+00:00,btc_mxn,1142149.98,1142150.02,0.0
2024-07-17 20:10:21+00:00,btc_mxn,1142149.98,1142150.02,0.0
2024-07-17 20:10:22+00:00,btc_mxn,1142149.98,1142150.02,0.0
2024-07-17 20:10:23+00:00,btc_mxn,1142149.98,1142150.02,0.0
2024-07-17 20:10:24+00:00,btc_mxn,1142149.98,1142150.02,0.0
2024-07-17 20:10:25+00:00,btc_mxn,1142149.98,1142150.02,0.0
2024-07-17 20:10:26+00:00,btc_mxn,1142149.98,1142150.02,0.0
2024-07-17 20:10:28+00:00,btc_mxn,1142149.98,1142150.02,0.0
2024-07-17 20:10:29+00:00,btc_mxn,1142149.98,1142150.02,0.0
2024-07-17 20:10:30+00:00,btc_mxn,1142149.98,1142150.02,0.0
2024-07-17 20:10:31+00:00,btc_mxn,1142149.98,1142150.02,0.0
2024-07-17 20:10:32+00:00,btc_mxn,1142149.98,1142150.02,0.0
2024-07-17 20:10:33+00:00,btc_mxn,1142149.98,1142150.02,0.0
2024-07-17 20:10:34+00:00,btc_mxn,1142149.98,1142150.02,0.0
2024-07-17 20:10:35+00:00,btc_mxn,1142149.98,1142150.02,0.0
2024-07-17 20:10:36+00:00,btc_mxn,1142149.98,1142150.02,0.0
2024-07-17 20:10:37+00:00,btc_mxn,1142149.98,1142150.02,0.0
2024-07-17 20:10:38+00:00,btc_mxn,1142149.98,1142150.02,0.0
2024-07-17 20:10:39+00:00,btc_mxn,1142149.98,1142150.02,0.0
2024-07-17 20:10:40+00:00,btc_mxn,1142149.98,1142150.02,0.0
2024-07-17 20:10:41+00:00,btc_mxn,1142149.98,1142150.02,0.0
2024-07-17 20:10:42+00:00,btc_mxn,1142149.98,1142150.02,0.0
2024-07-17 20:10:43+00:00,btc_mxn,1140289.98,1140290.02,0.0
2024-07-17 20:10:44+00:00,btc_mxn,1140289.98,1140290.02,0.0
2024-07-17 20:10:45+00:00,btc_mxn,1140289.98,1140290.02,0.0
2024-07-17 20:10:46+00:00,btc_mxn,1140289.98,1140290.02,0.0
2024-07-17 20:10:47+00:00,btc_mxn,1140289.98,1140290.02,0.0
2024-07-17 20:10:48+00:00,btc_mxn,1140289.98,1140290.02,0.0
2024-07-17 20:10:49+00:00,btc_mxn,1140289.98,1140290.02,0.0
2024-07-17 20:10:50+00:00,btc_mxn,1140289.98,1140290.02,0.0
2024-07-17 20:10:51+00:00,btc_mxn,1140289.98,1140290.02,0.0
2024-07-17 20:10:52+00:00,btc_mxn,1140289.98,1140290.02,0.0
2024-07-17 20:10:53+00:00,btc_mxn,1140289.98,1140290.02,0.0
2024-07-17 20:10:54+00:00,btc_mxn,1140289.98,1140290.02,0.0
2024-07-17 20:10:55+00:00,btc_mxn,1140289.98,1140290.02,0.0
2024-07-17 20:10:56+00:00,btc_mxn,1140289.98,1140290.02,0.0
2024-07-17 20:10:57+00:00,btc_mxn,1140289.98,1140290.02,0.0
2024-07-17 20:10:58+00:00,btc_mxn,1140289.98,1140290.02,0.0
2024-07-17 20:10:59+00:00,btc_mxn,1140289.98,1140290.02,0.0
2024-07-17 20:11:00+00:00,btc_mxn,1140289.98,1140290.02,0.0
2024-07-17 20:11:01+00:00,btc_mxn,1140289.98,1140290.02,0.0
2024-07-17 20:11:02+00:00,btc_mxn,1140289.98,1140290.02,0.0
2024-07-17 20:11:03+00:00,btc_mxn,1140289.98,1140290.02,0.0
2024-07-17 20:11:04+00:00,btc_mxn,1140289.98,1140290.02,0.0
2024-07-17 20:11:05+00:00,btc_mxn,1140289.98,1140290.02,0.0
2024-07-17 20:11:06+00:00,btc_mxn,1140289.98,1140290.02,0.0
2024-07-17 20:11:07+00:00,btc_mxn,1140289.98,1140290.02,0.0
2024-07-17 20:11:08+00:00,btc_mxn,1140289.98,1140290.02,0.0
2024-07-17 20:11:09+00:00,btc_mxn,1140289.98,1140290.02,0.0
2024-07-17 20:11:10+00:00,btc_mxn,1140289.98,1140290.02,0.0
2024-07-17 20:11:11+00:00,btc_mxn,1140289.98,1140290.02,0.0
2024-07-17 20:11:12+00:00,btc_mxn,1140289.98,1140290.02,0.0
2024-07-17 20:11:13+00:00,btc_mxn,1140289.98,1140290.02,0.0
2024-07-17 20:11:14+00:00,btc_mxn,1140289.98,1140290.02,0.0
2024-07-17 20:11:15+00:00,btc_mxn,1140289.98,1140290.02,0.0
2024-07-17 20:11:17+00:00,btc_mxn,1140289.98,1140290.02,0.0
2024-07-17 20:11:18+00:00,btc_mxn,1140289.98,1140290.02,0.0
2024-07-17 20:11:19+00:00,btc_mxn,1140289.98,1140290.02,0.0
2024-07-17 20:11:20+00:00,btc_mxn,1140289.98,1140290.02,0.0
2024-07-17 20:11:21+00:00,btc_mxn,1140289.98,1140290.02,0.0
2024-07-17 20:11:22+00:00,btc_mxn,1140289.98,1140290.02,0.0
2024-07-17 20:11:23+00:00,btc_mxn,1140289.98,1140290.02,0.0
2024-07-17 20:11:24+00:00,btc_mxn,1140289.98,1140290.02,0.0
2024-07-17 20:11:25+00:00,btc_mxn,1140289.98,1140290.02,0.0
2024-07-17 20:11:26+00:00,btc_mxn,1140289.98,1140290.02,0.0
2024-07-17 20:11:27+00:00,btc_mxn,1140289.98,1140290.02,0.0
2024-07-17 20:11:28+00:00,btc_mxn,1140289.98,1140290.02,0.0
2024-07-17 20:11:29+00:00,btc_mxn,1140289.98,1140290.02,0.0
2024-07-17 20:11:30+00:00,btc_mxn,1140289.98,1140290.02,0.0
2024-07-17 20:11:31+00:00,btc_mxn,1140289.98,1140290.02,0.0
2024-07-17 20:11:32+00:00,btc_mxn,1140289.98,1140290.02,0.0
2024-07-17 20:11:33+00:00,btc_mxn,1140289.98,1140290.02,0.0
2024-07-17 20:11:34+00:00,btc_mxn,1140289.98,1140290.02,0.0
2024-07-17 20:11:35+00:00,btc_mxn,1140289.98,1140290.02,0.0
2024-07-17 20:11:36+00:00,btc_mxn,1140289.98,1140290.02,0.0
2024-07-17 20:11:37+00:00,btc_mxn,1140289.98,1140290.02,0.0
2024-07-17 20:11:38+00:00,btc_mxn,1140289.98,1140290.02,0.0
2024-07-17 20:11:39+00:00,btc_mxn,1140289.98,1140290.02,0.0
2024-07-17 20:11:40+00:00,btc_mxn,1140289.98,1140290.02,0.0
2024-07-17 20:11:41+00:00,btc_mxn,1140289.98,1140290.02,0.0
2024-07-17 20:11:42+00:00,btc_mxn,1140289.98,1140290.02,0.0
2024-07-17 20:11:43+00:00,btc_mxn,1140289.98,1140290.02,0.0
2024-07-17 20:11:44+00:00,btc_mxn,1140289.98,1140290.02,0.0
2024-07-17 20:11:45+00:00,btc_mxn,1140289.98,1140290.02,0.0
2024-07-17 20:11:46+00:00,btc_mxn,1140289.98,1140290.02,0.0
2024-07-17 20:11:47+00:00,btc_mxn,1140289.98,1140290.02,0.0
2024-07-17 20:11:48+00:00,btc_mxn,1140289.98,1140290.02,0.0
2024-07-17 20:11:49+00:00,btc_mxn,1140289.98,1140290.02,0.0
2024-07-17 20:11:50+00:00,btc_mxn,1140289.98,1140290.02,0.0
2024-07-17 20:11:51+00:00,btc_mxn,1140289.98,1140290.02,0.0
2024-07-17 20:11:52+00:00,btc_mxn,1140289.98,1140290.02,0.0
2024-07-17 20:11:53+00:00,btc_mxn,1140289.98,1140290.02,0.0
2024-07-17 20:11:54+00:00,btc_mxn,1140289.98,1140290.02,0.0
2024-07-17 20:11:55+00:00,btc_mxn,1140289.98,1140290.02,0.0
2024-07-17 20:11:56+00:00,btc_mxn,1140289.98,1140290.02,0.0
2024-07-17 20:11:57+00:00,btc_mxn,1140289.98,1140290.02,0.0
2024-07-17 20:11:58+00:00,btc_mxn,1140289.98,1140290.02,0.0
2024-07-17 20:11:59+00:00,btc_mxn,1140289.98,1140290.02,0.0
2024-07-17 20:12:00+00:00,btc_mxn,1140289.98,1140290.02,0.0
2024-07-17 20:12:01+00:00,btc_mxn,1140289.98,1140290.02,0.0
2024-07-17 20:12:02+00:00,btc_mxn,1140289.98,1140290.02,0.0
2024-07-17 20:12:03+00:00,btc_mxn,1140289.98,1140290.02,0.0
2024-07-17 20:12:04+00:00,btc_mxn,1140289.98,1140290.02,0.0
2024-07-17 20:12:05+00:00,btc_mxn,1140289.98,1140290.02,0.0
2024-07-17 20:12:06+00:00,btc_mxn,1140289.98,1140290.02,0.0
2024-07-17 20:12:07+00:00,btc_mxn,1140289.98,1140290.02,0.0
2024-07-17 20:12:08+00:00,btc_mxn,1140289.98,1140290.02,0.0
2024-07-17 20:12:09+00:00,btc_mxn,1140289.98,1140290.02,0.0
2024-07-17 20:12:10+00:00,btc_mxn,1140289.98,1140290.02,0.0
2024-07-17 20:12:11+00:00,btc_mxn,1140289.98,1140290.02,0.0
2024-07-17 20:12:12+00:00,btc_mxn,1140289.98,1140290.02,0.0
2024-07-17 20:12:13+00:00,btc_mxn,1140289.98,1140290.02,0.0
2024-07-17 20:12:14+00:00,btc_mxn,1140289.98,1140290.02,0.0
2024-07-17 20:12:15+00:00,btc_mxn,1140289.98,1140290.02,0.0
2024-07-17 20:12:16+00:00,btc_mxn,1140289.98,1140290.02,0.0
2024-07-17 20:12:17+00:00,btc_mxn,1140289.98,1140290.02,0.0
2024-07-17 20:12:18+00:00,btc_mxn,1140289.98,1140290.02,0.0
2024-07-17 20:12:19+00:00,btc_mxn,1140289.98,1140290.02,0.0
2024-07-17 20:12:20+00:00,btc_mxn,1140289.98,1140290.02,0.0
2024-07-17 20:12:21+00:00,btc_mxn,1140289.98,1140290.02,0.0
2024-07-17 20:12:22+00:00,btc_mxn,1140289.98,1140290.02,0.0
2024-07-17 20:12:23+00:00,btc_mxn,1140289.98,1140290.02,0.0
2024-07-17 20:12:24+00:00,btc_mxn,1140289.98,1140290.02,0.0
2024-07-17 20:12:25+00:00,btc_mxn,1140289.98,1140290.02,0.0
2024-07-17 20:12:26+00:00,btc_mxn,1140289.98,1140290.02,0.0
2024-07-17 20:12:27+00:00,btc_mxn,1140289.98,1140290.02,0.0
2024-07-17 20:12:30+00:00,btc_mxn,1140289.98,1140290.02,0.0
2024-07-17 20:12:30+00:00,btc_mxn,1140289.98,1140290.02,0.0
2024-07-17 20:12:31+00:00,btc_mxn,1140289.98,1140290.02,0.0
2024-07-17 20:12:32+00:00,btc_mxn,1140289.98,1140290.02,0.0
2024-07-17 20:12:33+00:00,btc_mxn,1140289.98,1140290.02,0.0
2024-07-17 20:12:34+00:00,btc_mxn,1140289.98,1140290.02,0.0
2024-07-17 20:12:35+00:00,btc_mxn,1140289.98,1140290.02,0.0
2024-07-17 20:12:36+00:00,btc_mxn,1140289.98,1140290.02,0.0
2024-07-17 20:12:37+00:00,btc_mxn,1140289.98,1140290.02,0.0
2024-07-17 20:12:38+00:00,btc_mxn,1140289.98,1140290.02,0.0
2024-07-17 20:12:39+00:00,btc_mxn,1140289.98,1140290.02,0.0
2024-07-17 20:12:40+00:00,btc_mxn,1140289.98,1140290.02,0.0
2024-07-17 20:12:41+00:00,btc_mxn,1140289.98,1140290.02,0.0
2024-07-17 20:12:42+00:00,btc_mxn,1140289.98,1140290.02,0.0
2024-07-17 20:12:43+00:00,btc_mxn,1140289.98,1140290.02,0.0
2024-07-17 20:12:44+00:00,btc_mxn,1140289.98,1140290.02,0.0
2024-07-17 20:12:45+00:00,btc_mxn,1140289.98,1140290.02,0.0
2024-07-17 20:12:46+00:00,btc_mxn,1140289.98,1140290.02,0.0
2024-07-17 20:12:47+00:00,btc_mxn,1140289.98,1140290.02,0.0
2024-07-17 20:12:48+00:00,btc_mxn,1140289.98,1140290.02,0.0
2024-07-17 20:12:49+00:00,btc_mxn,1140289.98,1140290.02,0.0
2024-07-17 20:12:50+00:00,btc_mxn,1140289.98,1140290.02,0.0
2024-07-17 20:12:51+00:00,btc_mxn,1140289.98,1140290.02,0.0
2024-07-17 20:12:52+00:00,btc_mxn,1140289.98,1140290.02,0.0
2024-07-17 20:12:53+00:00,btc_mxn,1140289.98,1140290.02,0.0
2024-07-17 20:12:54+00:00,btc_mxn,1140289.98,1140290.02,0.0
2024-07-17 20:12:55+00:00,btc_mxn,1140289.98,1140290.02,0.0
2024-07-17 20:12:56+00:00,btc_mxn,1140289.98,1140290.02,0.0
2024-07-17 20:12:57+00:00,btc_mxn,1140289.98,1140290.02,0.0
2024-07-17 20:12:58+00:00,btc_mxn,1140289.98,1140290.02,0.0
2024-07-17 20:12:59+00:00,btc_mxn,1140289.98,1140290.02,0.0
2024-07-17 20:13:00+00:00,btc_mxn,1140289.98,1140290.02,0.0
2024-07-17 20:13:01+00:00,btc_mxn,1140289.98,1140290.02,0.0
2024-07-17 20:13:02+00:00,btc_mxn,1140289.98,1140290.02,0.0
2024-07-17 20:13:03+00:00,btc_mxn,1140289.98,1140290.02,0.0
2024-07-17 20:13:04+00:00,btc_mxn,1140289.98,1140290.02,0.0
2024-07-17 20:13:05+00:00,btc_mxn,1140289.98,1140290.02,0.0
2024-07-17 20:13:06+00:00,btc_mxn,1140289.98,1140290.02,0.0
2024-07-17 20:13:07+00:00,btc_mxn,1140289.98,1140290.02,0.0
2024-07-17 20:13:08+00:00,btc_mxn,1140289.98,1140290.02,0.0
2024-07-17 20:13:09+00:00,btc_mxn,1140289.98,1140290.02,0.0
2024-07-17 20:13:10+00:00,btc_mxn,1140289.98,1140290.02,0.0
2024-07-17 20:13:11+00:00,btc_mxn,1140289.98,1140290.02,0.0
2024-07-17 20:13:12+00:00,btc_mxn,1140289.98,1140290.02,0.0
2024-07-17 20:13:13+00:00,btc_mxn,1140289.98,1140290.02,0.0
2024-07-17 20:13:14+00:00,btc_mxn,1140289.98,1140290.02,0.0
2024-07-17 20:13:15+00:00,btc_mxn,1140289.98,1140290.02,0.0
2024-07-17 20:13:16+00:00,btc_mxn,1140289.98,1140290.02,0.0
2024-07-17 20:13:17+00:00,btc_mxn,1140289.98,1140290.02,0.0
2024-07-17 20:13:18+00:00,btc_mxn,1140289.98,1140290.02,0.0
2024-07-17 20:13:19+00:00,btc_mxn,1140289.98,1140290.02,0.0
2024-07-17 20:13:20+00:00,btc_mxn,1140289.98,1140290.02,0.0
2024-07-17 20:13:22+00:00,btc_mxn,1140289.98,1140290.02,0.0
2024-07-17 20:13:23+00:00,btc_mxn,1140289.98,1140290.02,0.0
2024-07-17 20:13:24+00:00,btc_mxn,1140289.98,1140290.02,0.0
2024-07-17 20:13:25+00:00,btc_mxn,1140289.98,1140290.02,0.0
2024-07-17 20:13:26+00:00,btc_mxn,1140289.98,1140290.02,0.0
2024-07-17 20:13:27+00:00,btc_mxn,1140289.98,1140290.02,0.0
2024-07-17 20:13:28+00:00,btc_mxn,1140289.98,1140290.02,0.0
2024-07-17 20:13:29+00:00,btc_mxn,1140289.98,1140290.02,0.0
2024-07-17 20:13:30+00:00,btc_mxn,1140289.98,1140290.02,0.0
2024-07-17 20:13:31+00:00,btc_mxn,1140289.98,1140290.02,0.0
2024-07-17 20:13:32+00:00,btc_mxn,1140289.98,1140290.02,0.0
2024-07-17 20:13:33+00:00,btc_mxn,1140289.98,1140290.02,0.0
2024-07-17 20:13:34+00:00,btc_mxn,1140289.98,1140290.02,0.0
2024-07-17 20:13:35+00:00,btc_mxn,1140289.98,1140290.02,0.0
2024-07-17 20:13:36+00:00,btc_mxn,1140289.98,1140290.02,0.0
2024-07-17 20:13:37+00:00,btc_mxn,1140289.98,1140290.02,0.0
2024-07-17 20:13:38+00:00,btc_mxn,1140289.98,1140290.02,0.0
2024-07-17 20:13:39+00:00,btc_mxn,1140289.98,1140290.02,0.0
2024-07-17 20:13:40+00:00,btc_mxn,1140289.98,1140290.02,0.0
2024-07-17 20:13:41+00:00,btc_mxn,1140289.98,1140290.02,0.0
2024-07-17 20:13:42+00:00,btc_mxn,1140289.98,1140290.02,0.0
2024-07-17 20:13:43+00:00,btc_mxn,1140289.98,1140290.02,0.0
2024-07-17 20:13:44+00:00,btc_mxn,1140289.98,1140290.02,0.0
2024-07-17 20:13:45+00:00,btc_mxn,1140289.98,1140290.02,0.0
2024-07-17 20:13:46+00:00,btc_mxn,1140289.98,1140290.02,0.0
2024-07-17 20:13:47+00:00,btc_mxn,1140289.98,1140290.02,0.0
2024-07-17 20:13:48+00:00,btc_mxn,1140289.98,1140290.02,0.0
2024-07-17 20:13:49+00:00,btc_mxn,1140289.98,1140290.02,0.0
2024-07-17 20:13:50+00:00,btc_mxn,1140289.98,1140290.02,0.0
2024-07-17 20:13:51+00:00,btc_mxn,1140289.98,1140290.02,0.0
2024-07-17 20:13:52+00:00,btc_mxn,1140289.98,1140290.02,0.0
2024-07-17 20:13:53+00:00,btc_mxn,1140289.98,1140290.02,0.0
2024-07-17 20:13:54+00:00,btc_mxn,1140289.98,1140290.02,0.0
2024-07-17 20:13:55+00:00,btc_mxn,1140289.98,1140290.02,0.0
2024-07-17 20:13:56+00:00,btc_mxn,1140289.98,1140290.02,0.0
2024-07-17 20:13:57+00:00,btc_mxn,1140289.98,1140290.02,0.0
2024-07-17 20:13:58+00:00,btc_mxn,1140289.98,1140290.02,0.0
2024-07-17 20:13:59+00:00,btc_mxn,1140289.98,1140290.02,0.0
2024-07-17 20:14:00+00:00,btc_mxn,1140289.98,1140290.02,0.0
2024-07-17 20:14:01+00:00,btc_mxn,1140289.98,1140290.02,0.0
2024-07-17 20:14:02+00:00,btc_mxn,1140289.98,1140290.02,0.0
2024-07-17 20:14:03+00:00,btc_mxn,1140289.98,1140290.02,0.0
2024-07-17 20:14:04+00:00,btc_mxn,1140289.98,1140290.02,0.0
2024-07-17 20:14:05+00:00,btc_mxn,1140289.98,1140290.02,0.0
2024-07-17 20:14:06+00:00,btc_mxn,1140289.98,1140290.02,0.0
2024-07-17 20:14:07+00:00,btc_mxn,1140289.98,1140290.02,0.0
2024-07-17 20:14:08+00:00,btc_mxn,1140289.98,1140290.02,0.0
2024-07-17 20:14:09+00:00,btc_mxn,1140289.98,1140290.02,0.0
2024-07-17 20:14:10+00:00,btc_mxn,1140289.98,1140290.02,0.0
2024-07-17 20:14:11+00:00,btc_mxn,1140289.98,1140290.02,0.0
2024-07-17 20:14:12+00:00,btc_mxn,1140289.98,1140290.02,0.0
2024-07-17 20:14:13+00:00,btc_mxn,1140289.98,1140290.02,0.0
2024-07-17 20:14:14+00:00,btc_mxn,1140289.98,1140290.02,0.0
2024-07-17 20:14:15+00:00,btc_mxn,1140289.98,1140290.02,0.0
2024-07-17 20:14:16+00:00,btc_mxn,1140289.98,1140290.02,0.0
2024-07-17 20:14:17+00:00,btc_mxn,1140289.98,1140290.02,0.0
2024-07-17 20:14:18+00:00,btc_mxn,1140289.98,1140290.02,0.0
2024-07-17 20:14:19+00:00,btc_mxn,1140289.98,1140290.02,0.0
2024-07-17 20:14:20+00:00,btc_mxn,1140289.98,1140290.02,0.0
2024-07-17 20:14:21+00:00,btc_mxn,1140289.98,1140290.02,0.0
2024-07-17 20:14:22+00:00,btc_mxn,1140289.98,1140290.02,0.0
2024-07-17 20:14:23+00:00,btc_mxn,1140289.98,1140290.02,0.0
2024-07-17 20:14:24+00:00,btc_mxn,1140289.98,1140290.02,0.0
2024-07-17 20:14:25+00:00,btc_mxn,1140289.98,1140290.02,0.0
2024-07-17 20:14:26+00:00,btc_mxn,1140289.98,1140290.02,0.0
2024-07-17 20:14:27+00:00,btc_mxn,1140289.98,1140290.02,0.0
2024-07-17 20:14:29+00:00,btc_mxn,1140289.98,1140290.02,0.0
2024-07-17 20:14:30+00:00,btc_mxn,1140289.98,1140290.02,0.0
2024-07-17 20:14:32+00:00,btc_mxn,1140289.98,1140290.02,0.0
2024-07-17 20:14:33+00:00,btc_mxn,1140289.98,1140290.02,0.0
2024-07-17 20:14:34+00:00,btc_mxn,1140289.98,1140290.02,0.0
2024-07-17 20:14:35+00:00,btc_mxn,1140289.98,1140290.02,0.0
2024-07-17 20:14:36+00:00,btc_mxn,1140289.98,1140290.02,0.0
2024-07-17 20:14:38+00:00,btc_mxn,1140289.98,1140290.02,0.0
2024-07-17 20:14:39+00:00,btc_mxn,1140289.98,1140290.02,0.0
2024-07-17 20:14:40+00:00,btc_mxn,1140289.98,1140290.02,0.0
2024-07-17 20:14:41+00:00,btc_mxn,1140289.98,1140290.02,0.0
2024-07-17 20:14:42+00:00,btc_mxn,1140289.98,1140290.02,0.0
2024-07-17 20:14:43+00:00,btc_mxn,1140289.98,1140290.02,0.0
2024-07-17 20:14:44+00:00,btc_mxn,1140289.98,1140290.02,0.0
2024-07-17 20:14:45+00:00,btc_mxn,1140289.98,1140290.02,0.0
2024-07-17 20:14:46+00:00,btc_mxn,1140289.98,1140290.02,0.0
2024-07-17 20:14:47+00:00,btc_mxn,1140289.98,1140290.02,0.0
2024-07-17 20:14:48+00:00,btc_mxn,1140289.98,1140290.02,0.0
2024-07-17 20:14:49+00:00,btc_mxn,1140289.98,1140290.02,0.0
2024-07-17 20:14:50+00:00,btc_mxn,1140289.98,1140290.02,0.0
2024-07-17 20:14:51+00:00,btc_mxn,1140289.98,1140290.02,0.0
2024-07-17 20:14:52+00:00,btc_mxn,1140289.98,1140290.02,0.0
2024-07-17 20:14:53+00:00,btc_mxn,1140289.98,1140290.02,0.0
2024-07-17 20:14:54+00:00,btc_mxn,1140289.98,1140290.02,0.0
2024-07-17 20:14:55+00:00,btc_mxn,1140289.98,1140290.02,0.0
2024-07-17 20:14:56+00:00,btc_mxn,1140289.98,1140290.02,0.0
2024-07-17 20:14:57+00:00,btc_mxn,1140289.98,1140290.02,0.0
2024-07-17 20:14:58+00:00,btc_mxn,1140289.98,1140290.02,0.0
2024-07-17 20:14:59+00:00,btc_mxn,1140289.98,1140290.02,0.0
2024-07-17 20:15:00+00:00,btc_mxn,1140289.98,1140290.02,0.0
2024-07-17 20:15:01+00:00,btc_mxn,1140289.98,1140290.02,0.0
2024-07-17 20:15:02+00:00,btc_mxn,1140289.98,1140290.02,0.0
2024-07-17 20:15:03+00:00,btc_mxn,1140289.98,1140290.02,0.0
2024-07-17 20:15:04+00:00,btc_mxn,1140289.98,1140290.02,0.0
2024-07-17 20:15:05+00:00,btc_mxn,1140289.98,1140290.02,0.0
2024-07-17 20:15:06+00:00,btc_mxn,1140289.98,1140290.02,0.0
2024-07-17 20:15:07+00:00,btc_mxn,1140289.98,1140290.02,0.0
2024-07-17 20:15:08+00:00,btc_mxn,1140289.98,1140290.02,0.0
2024-07-17 20:15:09+00:00,btc_mxn,1140289.98,1140290.02,0.0
2024-07-17 20:15:10+00:00,btc_mxn,1140289.98,1140290.02,0.0
2024-07-17 20:15:11+00:00,btc_mxn,1140289.98,1140290.02,0.0
2024-07-17 20:15:12+00:00,btc_mxn,1140289.98,1140290.02,0.0
2024-07-17 20:15:13+00:00,btc_mxn,1140289.98,1140290.02,0.0
2024-07-17 20:15:14+00:00,btc_mxn,1140289.98,1140290.02,0.0
2024-07-17 20:15:15+00:00,btc_mxn,1140289.98,1140290.02,0.0
2024-07-17 20:15:16+00:00,btc_mxn,1140289.98,1140290.02,0.0
2024-07-17 20:15:17+00:00,btc_mxn,1140289.98,1140290.02,0.0
2024-07-17 20:15:18+00:00,btc_mxn,1140289.98,1140290.02,0.0
2024-07-17 20:15:19+00:00,btc_mxn,1140289.98,1140290.02,0.0
2024-07-17 20:15:20+00:00,btc_mxn,1140289.98,1140290.02,0.0
2024-07-17 20:15:21+00:00,btc_mxn,1140289.98,1140290.02,0.0
2024-07-17 20:15:22+00:00,btc_mxn,1140289.98,1140290.02,0.0
2024-07-17 20:15:23+00:00,btc_mxn,1140289.98,1140290.02,0.0
2024-07-17 20:15:24+00:00,btc_mxn,1140289.98,1140290.02,0.0
2024-07-17 20:15:25+00:00,btc_mxn,1140289.98,1140290.02,0.0
2024-07-17 20:15:26+00:00,btc_mxn,1140289.98,1140290.02,0.0
2024-07-17 20:15:27+00:00,btc_mxn,1140289.98,1140290.02,0.0
2024-07-17 20:15:28+00:00,btc_mxn,1140289.98,1140290.02,0.0
2024-07-17 20:15:29+00:00,btc_mxn,1140289.98,1140290.02,0.0
2024-07-17 20:15:31+00:00,btc_mxn,1140289.98,1140290.02,0.0
2024-07-17 20:15:32+00:00,btc_mxn,1140289.98,1140290.02,0.0
2024-07-17 20:15:33+00:00,btc_mxn,1140289.98,1140290.02,0.0
2024-07-17 20:15:34+00:00,btc_mxn,1140289.98,1140290.02,0.0
2024-07-17 20:15:35+00:00,btc_mxn,1140289.98,1140290.02,0.0
2024-07-17 20:15:36+00:00,btc_mxn,1140289.98,1140290.02,0.0
2024-07-17 20:15:37+00:00,btc_mxn,1140289.98,1140290.02,0.0
2024-07-17 20:15:38+00:00,btc_mxn,1140289.98,1140290.02,0.0
2024-07-17 20:15:39+00:00,btc_mxn,1140289.98,1140290.02,0.0
2024-07-17 20:15:40+00:00,btc_mxn,1140289.98,1140290.02,0.0
2024-07-17 20:15:41+00:00,btc_mxn,1140289.98,1140290.02,0.0
2024-07-17 20:15:42+00:00,btc_mxn,1140289.98,1140290.02,0.0
2024-07-17 20:15:43+00:00,btc_mxn,1141219.98,1141220.02,0.0
2024-07-17 20:15:44+00:00,btc_mxn,1141219.98,1141220.02,0.0
2024-07-17 20:15:45+00:00,btc_mxn,1141219.98,1141220.02,0.0
2024-07-17 20:15:46+00:00,btc_mxn,1141219.98,1141220.02,0.0
2024-07-17 20:15:47+00:00,btc_mxn,1141219.98,1141220.02,0.0
2024-07-17 20:15:48+00:00,btc_mxn,1141219.98,1141220.02,0.0
2024-07-17 20:15:49+00:00,btc_mxn,1141219.98,1141220.02,0.0
2024-07-17 20:15:50+00:00,btc_mxn,1141219.98,1141220.02,0.0
2024-07-17 20:15:51+00:00,btc_mxn,1141219.98,1141220.02,0.0
2024-07-17 20:15:52+00:00,btc_mxn,1141219.98,1141220.02,0.0
2024-07-17 20:15:53+00:00,btc_mxn,1141219.98,1141220.02,0.0
2024-07-17 20:15:54+00:00,btc_mxn,1141219.98,1141220.02,0.0
2024-07-17 20:15:55+00:00,btc_mxn,1141219.98,1141220.02,0.0
2024-07-17 20:15:56+00:00,btc_mxn,1141219.98,1141220.02,0.0
2024-07-17 20:15:57+00:00,btc_mxn,1141219.98,1141220.02,0.0
2024-07-17 20:15:58+00:00,btc_mxn,1141219.98,1141220.02,0.0
2024-07-17 20:15:59+00:00,btc_mxn,1141219.98,1141220.02,0.0
2024-07-17 20:16:00+00:00,btc_mxn,1141219.98,1141220.02,0.0
2024-07-17 20:16:01+00:00,btc_mxn,1141219.98,1141220.02,0.0
2024-07-17 20:16:02+00:00,btc_mxn,1141219.98,1141220.02,0.0
2024-07-17 20:16:03+00:00,btc_mxn,1141219.98,1141220.02,0.0
2024-07-17 20:16:04+00:00,btc_mxn,1141219.98,1141220.02,0.0
2024-07-17 20:16:05+00:00,btc_mxn,1141219.98,1141220.02,0.0
2024-07-17 20:16:06+00:00,btc_mxn,1141219.98,1141220.02,0.0
2024-07-17 20:16:07+00:00,btc_mxn,1141219.98,1141220.02,0.0
2024-07-17 20:16:08+00:00,btc_mxn,1141219.98,1141220.02,0.0
2024-07-17 20:16:09+00:00,btc_mxn,1141219.98,1141220.02,0.0
2024-07-17 20:16:10+00:00,btc_mxn,1141219.98,1141220.02,0.0
2024-07-17 20:16:11+00:00,btc_mxn,1141219.98,1141220.02,0.0
2024-07-17 20:16:12+00:00,btc_mxn,1141219.98,1141220.02,0.0
2024-07-17 20:16:13+00:00,btc_mxn,1141219.98,1141220.02,0.0
2024-07-17 20:16:14+00:00,btc_mxn,1141219.98,1141220.02,0.0
2024-07-17 20:16:15+00:00,btc_mxn,1141219.98,1141220.02,0.0
2024-07-17 20:16:16+00:00,btc_mxn,1141219.98,1141220.02,0.0
2024-07-17 20:16:17+00:00,btc_mxn,1141219.98,1141220.02,0.0
2024-07-17 20:16:18+00:00,btc_mxn,1141219.98,1141220.02,0.0
2024-07-17 20:16:19+00:00,btc_mxn,1141219.98,1141220.02,0.0
2024-07-17 20:16:20+00:00,btc_mxn,1141219.98,1141220.02,0.0
2024-07-17 20:16:21+00:00,btc_mxn,1141219.98,1141220.02,0.0
2024-07-17 20:16:22+00:00,btc_mxn,1141219.98,1141220.02,0.0
2024-07-17 20:16:23+00:00,btc_mxn,1141219.98,1141220.02,0.0
2024-07-17 20:16:24+00:00,btc_mxn,1141219.98,1141220.02,0.0
2024-07-17 20:16:25+00:00,btc_mxn,1141219.98,1141220.02,0.0
2024-07-17 20:16:26+00:00,btc_mxn,1141219.98,1141220.02,0.0
2024-07-17 20:16:27+00:00,btc_mxn,1141219.98,1141220.02,0.0
2024-07-17 20:16:28+00:00,btc_mxn,1141219.98,1141220.02,0.0
2024-07-17 20:16:29+00:00,btc_mxn,1141219.98,1141220.02,0.0
2024-07-17 20:16:30+00:00,btc_mxn,1141219.98,1141220.02,0.0
2024-07-17 20:16:31+00:00,btc_mxn,1141219.98,1141220.02,0.0
2024-07-17 20:16:32+00:00,btc_mxn,1141219.98,1141220.02,0.0
2024-07-17 20:16:33+00:00,btc_mxn,1141219.98,1141220.02,0.0
2024-07-17 20:16:34+00:00,btc_mxn,1141219.98,1141220.02,0.0
2024-07-17 20:16:35+00:00,btc_mxn,1141219.98,1141220.02,0.0
2024-07-17 20:16:36+00:00,btc_mxn,1141219.98,1141220.02,0.0
2024-07-17 20:16:37+00:00,btc_mxn,1141219.98,1141220.02,0.0
2024-07-17 20:16:38+00:00,btc_mxn,1141219.98,1141220.02,0.0
2024-07-17 20:16:39+00:00,btc_mxn,1141219.98,1141220.02,0.0
2024-07-17 20:16:40+00:00,btc_mxn,1141219.98,1141220.02,0.0
2024-07-17 20:16:41+00:00,btc_mxn,1141219.98,1141220.02,0.0
2024-07-17 20:16:42+00:00,btc_mxn,1141219.98,1141220.02,0.0
2024-07-17 20:16:43+00:00,btc_mxn,1141219.98,1141220.02,0.0
2024-07-17 20:16:44+00:00,btc_mxn,1141219.98,1141220.02,0.0
2024-07-17 20:16:45+00:00,btc_mxn,1141219.98,1141220.02,0.0
2024-07-17 20:16:46+00:00,btc_mxn,1141219.98,1141220.02,0.0
2024-07-17 20:16:48+00:00,btc_mxn,1141219.98,1141220.02,0.0
2024-07-17 20:16:49+00:00,btc_mxn,1141219.98,1141220.02,0.0
2024-07-17 20:16:50+00:00,btc_mxn,1141219.98,1141220.02,0.0
2024-07-17 20:16:51+00:00,btc_mxn,1141219.98,1141220.02,0.0
2024-07-17 20:16:52+00:00,btc_mxn,1141219.98,1141220.02,0.0
2024-07-17 20:16:53+00:00,btc_mxn,1141219.98,1141220.02,0.0
2024-07-17 20:16:54+00:00,btc_mxn,1141219.98,1141220.02,0.0
2024-07-17 20:16:55+00:00,btc_mxn,1141219.98,1141220.02,0.0
2024-07-17 20:16:56+00:00,btc_mxn,1141219.98,1141220.02,0.0
2024-07-17 20:16:57+00:00,btc_mxn,1141219.98,1141220.02,0.0
2024-07-17 20:16:58+00:00,btc_mxn,1141219.98,1141220.02,0.0
2024-07-17 20:16:59+00:00,btc_mxn,1141219.98,1141220.02,0.0
2024-07-17 20:17:00+00:00,btc_mxn,1141219.98,1141220.02,0.0
2024-07-17 20:17:01+00:00,btc_mxn,1141219.98,1141220.02,0.0
2024-07-17 20:17:02+00:00,btc_mxn,1141219.98,1141220.02,0.0
2024-07-17 20:17:03+00:00,btc_mxn,1141219.98,1141220.02,0.0
2024-07-17 20:17:04+00:00,btc_mxn,1141219.98,1141220.02,0.0
2024-07-17 20:17:05+00:00,btc_mxn,1141219.98,1141220.02,0.0
2024-07-17 20:17:06+00:00,btc_mxn,1141219.98,1141220.02,0.0
2024-07-17 20:17:07+00:00,btc_mxn,1141219.98,1141220.02,0.0
2024-07-17 20:17:08+00:00,btc_mxn,1141219.98,1141220.02,0.0
2024-07-17 20:17:09+00:00,btc_mxn,1141219.98,1141220.02,0.0
2024-07-17 20:17:10+00:00,btc_mxn,1141219.98,1141220.02,0.0
2024-07-17 20:17:11+00:00,btc_mxn,1141219.98,1141220.02,0.0
2024-07-17 20:17:12+00:00,btc_mxn,1141219.98,1141220.02,0.0
2024-07-17 20:17:13+00:00,btc_mxn,1141219.98,1141220.02,0.0
2024-07-17 20:17:14+00:00,btc_mxn,1141219.98,1141220.02,0.0
2024-07-17 20:17:15+00:00,btc_mxn,1141219.98,1141220.02,0.0
2024-07-17 20:17:16+00:00,btc_mxn,1141219.98,1141220.02,0.0
2024-07-17 20:17:17+00:00,btc_mxn,1141219.98,1141220.02,0.0
2024-07-17 20:17:18+00:00,btc_mxn,1141219.98,1141220.02,0.0
2024-07-17 20:17:19+00:00,btc_mxn,1141219.98,1141220.02,0.0
2024-07-17 20:17:20+00:00,btc_mxn,1141219.98,1141220.02,0.0
2024-07-17 20:17:21+00:00,btc_mxn,1141219.98,1141220.02,0.0
2024-07-17 20:17:22+00:00,btc_mxn,1141219.98,1141220.02,0.0
2024-07-17 20:17:23+00:00,btc_mxn,1141219.98,1141220.02,0.0
2024-07-17 20:17:24+00:00,btc_mxn,1141219.98,1141220.02,0.0
2024-07-17 20:17:25+00:00,btc_mxn,1141219.98,1141220.02,0.0
2024-07-17 20:17:26+00:00,btc_mxn,1141219.98,1141220.02,0.0
2024-07-17 20:17:27+00:00,btc_mxn,1141219.98,1141220.02,0.0
2024-07-17 20:17:28+00:00,btc_mxn,1141219.98,1141220.02,0.0
2024-07-17 20:17:29+00:00,btc_mxn,1141219.98,1141220.02,0.0
2024-07-17 20:17:30+00:00,btc_mxn,1141219.98,1141220.02,0.0
2024-07-17 20:17:31+00:00,btc_mxn,1141219.98,1141220.02,0.0
2024-07-17 20:17:32+00:00,btc_mxn,1141219.98,1141220.02,0.0
2024-07-17 20:17:33+00:00,btc_mxn,1141219.98,1141220.02,0.0
2024-07-17 20:17:34+00:00,btc_mxn,1141219.98,1141220.02,0.0
2024-07-17 20:17:36+00:00,btc_mxn,1141219.98,1141220.02,0.0
2024-07-17 20:17:37+00:00,btc_mxn,1141219.98,1141220.02,0.0
2024-07-17 20:17:38+00:00,btc_mxn,1141219.98,1141220.02,0.0
2024-07-17 20:17:39+00:00,btc_mxn,1141219.98,1141220.02,0.0
2024-07-17 20:17:40+00:00,btc_mxn,1141219.98,1141220.02,0.0
2024-07-17 20:17:41+00:00,btc_mxn,1141219.98,1141220.02,0.0
2024-07-17 20:17:42+00:00,btc_mxn,1141219.98,1141220.02,0.0
2024-07-17 20:17:43+00:00,btc_mxn,1141219.98,1141220.02,0.0
2024-07-17 20:17:44+00:00,btc_mxn,1141219.98,1141220.02,0.0
2024-07-17 20:17:45+00:00,btc_mxn,1141219.98,1141220.02,0.0
2024-07-17 20:17:46+00:00,btc_mxn,1141219.98,1141220.02,0.0
2024-07-17 20:17:47+00:00,btc_mxn,1141219.98,1141220.02,0.0
2024-07-17 20:17:48+00:00,btc_mxn,1141219.98,1141220.02,0.0
2024-07-17 20:17:50+00:00,btc_mxn,1141219.98,1141220.02,0.0
2024-07-17 20:17:51+00:00,btc_mxn,1141219.98,1141220.02,0.0
2024-07-17 20:17:52+00:00,btc_mxn,1141219.98,1141220.02,0.0
2024-07-17 20:17:53+00:00,btc_mxn,1141219.98,1141220.02,0.0
2024-07-17 20:17:54+00:00,btc_mxn,1141219.98,1141220.02,0.0
2024-07-17 20:17:55+00:00,btc_mxn,1141219.98,1141220.02,0.0
2024-07-17 20:17:56+00:00,btc_mxn,1141219.98,1141220.02,0.0
2024-07-17 20:17:57+00:00,btc_mxn,1141219.98,1141220.02,0.0
2024-07-17 20:17:58+00:00,btc_mxn,1141219.98,1141220.02,0.0
2024-07-17 20:17:59+00:00,btc_mxn,1141219.98,1141220.02,0.0
2024-07-17 20:18:00+00:00,btc_mxn,1141219.98,1141220.02,0.0
2024-07-17 20:18:01+00:00,btc_mxn,1141219.98,1141220.02,0.0
2024-07-17 20:18:02+00:00,btc_mxn,1141219.98,1141220.02,0.0
2024-07-17 20:18:03+00:00,btc_mxn,1141219.98,1141220.02,0.0
2024-07-17 20:18:04+00:00,btc_mxn,1141219.98,1141220.02,0.0
2024-07-17 20:18:05+00:00,btc_mxn,1141219.98,1141220.02,0.0
2024-07-17 20:18:06+00:00,btc_mxn,1141219.98,1141220.02,0.0
2024-07-17 20:18:07+00:00,btc_mxn,1141219.98,1141220.02,0.0
2024-07-17 20:18:08+00:00,btc_mxn,1141219.98,1141220.02,0.0
2024-07-17 20:18:09+00:00,btc_mxn,1141219.98,1141220.02,0.0
2024-07-17 20:18:10+00:00,btc_mxn,1141219.98,1141220.02,0.0
2024-07-17 20:18:11+00:00,btc_mxn,1141219.98,1141220.02,0.0
2024-07-17 20:18:12+00:00,btc_mxn,1141219.98,1141220.02,0.0
2024-07-17 20:18:13+00:00,btc_mxn,1141219.98,1141220.02,0.0
2024-07-17 20:18:14+00:00,btc_mxn,1141219.98,1141220.02,0.0
2024-07-17 20:18:15+00:00,btc_mxn,1141219.98,1141220.02,0.0
2024-07-17 20:18:16+00:00,btc_mxn,1141219.98,1141220.02,0.0
2024-07-17 20:18:17+00:00,btc_mxn,1141219.98,1141220.02,0.0
2024-07-17 20:18:18+00:00,btc_mxn,1141219.98,1141220.02,0.0
2024-07-17 20:18:19+00:00,btc_mxn,1141219.98,1141220.02,0.0
2024-07-17 20:18:20+00:00,btc_mxn,1141219.98,1141220.02,0.0
2024-07-17 20:18:21+00:00,btc_mxn,1141219.98,1141220.02,0.0
2024-07-17 20:18:22+00:00,btc_mxn,1141219.98,1141220.02,0.0
2024-07-17 20:18:23+00:00,btc_mxn,1141219.98,1141220.02,0.0
2024-07-17 20:18:24+00:00,btc_mxn,1141219.98,1141220.02,0.0
2024-07-17 20:18:25+00:00,btc_mxn,1141219.98,1141220.02,0.0
2024-07-17 20:18:26+00:00,btc_mxn,1141219.98,1141220.02,0.0
2024-07-17 20:18:27+00:00,btc_mxn,1141219.98,1141220.02,0.0
2024-07-17 20:18:28+00:00,btc_mxn,1141219.98,1141220.02,0.0
2024-07-17 20:18:29+00:00,btc_mxn,1141219.98,1141220.02,0.0
2024-07-17 20:18:30+00:00,btc_mxn,1141219.98,1141220.02,0.0
2024-07-17 20:18:31+00:00,btc_mxn,1141219.98,1141220.02,0.0
2024-07-17 20:18:32+00:00,btc_mxn,1141219.98,1141220.02,0.0
2024-07-17 20:18:34+00:00,btc_mxn,1141219.98,1141220.02,0.0
2024-07-17 20:18:34+00:00,btc_mxn,1141219.98,1141220.02,0.0
2024-07-17 20:18:35+00:00,btc_mxn,1141219.98,1141220.02,0.0
2024-07-17 20:18:36+00:00,btc_mxn,1141219.98,1141220.02,0.0
2024-07-17 20:18:38+00:00,btc_mxn,1141219.98,1141220.02,0.0
2024-07-17 20:18:39+00:00,btc_mxn,1141219.98,1141220.02,0.0
2024-07-17 20:18:40+00:00,btc_mxn,1141219.98,1141220.02,0.0
2024-07-17 20:18:41+00:00,btc_mxn,1141219.98,1141220.02,0.0
2024-07-17 20:18:42+00:00,btc_mxn,1141219.98,1141220.02,0.0
2024-07-17 20:18:44+00:00,btc_mxn,1141219.98,1141220.02,0.0
2024-07-17 20:18:45+00:00,btc_mxn,1141219.98,1141220.02,0.0
2024-07-17 20:18:46+00:00,btc_mxn,1141219.98,1141220.02,0.0
2024-07-17 20:18:47+00:00,btc_mxn,1141219.98,1141220.02,0.0
2024-07-17 20:18:48+00:00,btc_mxn,1141219.98,1141220.02,0.0
2024-07-17 20:18:49+00:00,btc_mxn,1141219.98,1141220.02,0.0
2024-07-17 20:18:50+00:00,btc_mxn,1141219.98,1141220.02,0.0
2024-07-17 20:18:51+00:00,btc_mxn,1141219.98,1141220.02,0.0
2024-07-17 20:18:52+00:00,btc_mxn,1141219.98,1141220.02,0.0
2024-07-17 20:18:53+00:00,btc_mxn,1141219.98,1141220.02,0.0
2024-07-17 20:18:54+00:00,btc_mxn,1141219.98,1141220.02,0.0
2024-07-17 20:18:55+00:00,btc_mxn,1141219.98,1141220.02,0.0
2024-07-17 20:18:56+00:00,btc_mxn,1141219.98,1141220.02,0.0
2024-07-17 20:18:57+00:00,btc_mxn,1141219.98,1141220.02,0.0
2024-07-17 20:18:58+00:00,btc_mxn,1141219.98,1141220.02,0.0
2024-07-17 20:18:59+00:00,btc_mxn,1141219.98,1141220.02,0.0
2024-07-17 20:19:00+00:00,btc_mxn,1141219.98,1141220.02,0.0
2024-07-17 20:19:01+00:00,btc_mxn,1141219.98,1141220.02,0.0
2024-07-17 20:19:02+00:00,btc_mxn,1141219.98,1141220.02,0.0
2024-07-17 20:19:03+00:00,btc_mxn,1141219.98,1141220.02,0.0
2024-07-17 20:19:04+00:00,btc_mxn,1141219.98,1141220.02,0.0
2024-07-17 20:19:05+00:00,btc_mxn,1141219.98,1141220.02,0.0
2024-07-17 20:19:06+00:00,btc_mxn,1141219.98,1141220.02,0.0
2024-07-17 20:19:07+00:00,btc_mxn,1141219.98,1141220.02,0.0
2024-07-17 20:19:08+00:00,btc_mxn,1141219.98,1141220.02,0.0
2024-07-17 20:19:09+00:00,btc_mxn,1141219.98,1141220.02,0.0
2024-07-17 20:19:10+00:00,btc_mxn,1141219.98,1141220.02,0.0
2024-07-17 20:19:11+00:00,btc_mxn,1141219.98,1141220.02,0.0
2024-07-17 20:19:12+00:00,btc_mxn,1141219.98,1141220.02,0.0
2024-07-17 20:19:13+00:00,btc_mxn,1141219.98,1141220.02,0.0
2024-07-17 20:19:14+00:00,btc_mxn,1141219.98,1141220.02,0.0
2024-07-17 20:19:15+00:00,btc_mxn,1141219.98,1141220.02,0.0
2024-07-17 20:19:16+00:00,btc_mxn,1141219.98,1141220.02,0.0
2024-07-17 20:19:17+00:00,btc_mxn,1141219.98,1141220.02,0.0
2024-07-17 20:19:18+00:00,btc_mxn,1141219.98,1141220.02,0.0
2024-07-17 20:19:19+00:00,btc_mxn,1141219.98,1141220.02,0.0
2024-07-17 20:19:20+00:00,btc_mxn,1141219.98,1141220.02,0.0
2024-07-17 20:19:21+00:00,btc_mxn,1141219.98,1141220.02,0.0
2024-07-17 20:19:22+00:00,btc_mxn,1141219.98,1141220.02,0.0
2024-07-17 20:19:23+00:00,btc_mxn,1141219.98,1141220.02,0.0
2024-07-17 20:19:24+00:00,btc_mxn,1141219.98,1141220.02,0.0
2024-07-17 20:19:25+00:00,btc_mxn,1141219.98,1141220.02,0.0
2024-07-17 20:19:26+00:00,btc_mxn,1141219.98,1141220.02,0.0
2024-07-17 20:19:27+00:00,btc_mxn,1141219.98,1141220.02,0.0
2024-07-17 20:19:28+00:00,btc_mxn,1141219.98,1141220.02,0.0
2024-07-17 20:19:30+00:00,btc_mxn,1141219.98,1141220.02,0.0
2024-07-17 20:19:31+00:00,btc_mxn,1141219.98,1141220.02,0.0
2024-07-17 20:19:32+00:00,btc_mxn,1141219.98,1141220.02,0.0
2024-07-17 20:19:33+00:00,btc_mxn,1141219.98,1141220.02,0.0
2024-07-17 20:19:34+00:00,btc_mxn,1141219.98,1141220.02,0.0
2024-07-17 20:19:35+00:00,btc_mxn,1141219.98,1141220.02,0.0
2024-07-17 20:19:36+00:00,btc_mxn,1141219.98,1141220.02,0.0
2024-07-17 20:19:37+00:00,btc_mxn,1141219.98,1141220.02,0.0
2024-07-17 20:19:38+00:00,btc_mxn,1141219.98,1141220.02,0.0
2024-07-17 20:19:39+00:00,btc_mxn,1141219.98,1141220.02,0.0
2024-07-17 20:19:40+00:00,btc_mxn,1141219.98,1141220.02,0.0
2024-07-17 20:19:41+00:00,btc_mxn,1141219.98,1141220.02,0.0
2024-07-17 20:19:42+00:00,btc_mxn,1141219.98,1141220.02,0.0
2024-07-17 20:19:43+00:00,btc_mxn,1141219.98,1141220.02,0.0
2024-07-17 20:19:44+00:00,btc_mxn,1141219.98,1141220.02,0.0
2024-07-17 20:19:45+00:00,btc_mxn,1141219.98,1141220.02,0.0
2024-07-17 20:19:46+00:00,btc_mxn,1141219.98,1141220.02,0.0
2024-07-17 20:19:48+00:00,btc_mxn,1141219.98,1141220.02,0.0
2024-07-17 20:19:49+00:00,btc_mxn,1141219.98,1141220.02,0.0
2024-07-17 20:19:50+00:00,btc_mxn,1141219.98,1141220.02,0.0
2024-07-17 20:19:51+00:00,btc_mxn,1141219.98,1141220.02,0.0
2024-07-17 20:19:52+00:00,btc_mxn,1141219.98,1141220.02,0.0
2024-07-17 20:19:53+00:00,btc_mxn,1141219.98,1141220.02,0.0
2024-07-17 20:19:54+00:00,btc_mxn,1141219.98,1141220.02,0.0
2024-07-17 20:19:55+00:00,btc_mxn,1141219.98,1141220.02,0.0
2024-07-17 20:19:56+00:00,btc_mxn,1141219.98,1141220.02,0.0
2024-07-17 20:19:57+00:00,btc_mxn,1141219.98,1141220.02,0.0
2024-07-17 20:19:58+00:00,btc_mxn,1141219.98,1141220.02,0.0
2024-07-17 20:19:59+00:00,btc_mxn,1141219.98,1141220.02,0.0
2024-07-17 20:20:00+00:00,btc_mxn,1141219.98,1141220.02,0.0
2024-07-17 20:20:01+00:00,btc_mxn,1141219.98,1141220.02,0.0
2024-07-17 20:20:02+00:00,btc_mxn,1141219.98,1141220.02,0.0
2024-07-17 20:20:03+00:00,btc_mxn,1141219.98,1141220.02,0.0
2024-07-17 20:20:04+00:00,btc_mxn,1141219.98,1141220.02,0.0
2024-07-17 20:20:05+00:00,btc_mxn,1141219.98,1141220.02,0.0
2024-07-17 20:20:06+00:00,btc_mxn,1141219.98,1141220.02,0.0
2024-07-17 20:20:07+00:00,btc_mxn,1141219.98,1141220.02,0.0
2024-07-17 20:20:08+00:00,btc_mxn,1141219.98,1141220.02,0.0
2024-07-17 20:20:09+00:00,btc_mxn,1141219.98,1141220.02,0.0
2024-07-17 20:20:10+00:00,btc_mxn,1141219.98,1141220.02,0.0
2024-07-17 20:20:11+00:00,btc_mxn,1141219.98,1141220.02,0.0
2024-07-17 20:20:12+00:00,btc_mxn,1141219.98,1141220.02,0.0
2024-07-17 20:20:13+00:00,btc_mxn,1141219.98,1141220.02,0.0
2024-07-17 20:20:14+00:00,btc_mxn,1141219.98,1141220.02,0.0
2024-07-17 20:20:15+00:00,btc_mxn,1141219.98,1141220.02,0.0
