orderbook_timestamp,book,bid,ask,spread
2024-07-18 15:06:19+00:00,usd_mxn,17.81,17.82,0.056
2024-07-18 15:06:20+00:00,usd_mxn,17.81,17.82,0.056
2024-07-18 15:06:21+00:00,usd_mxn,17.81,17.82,0.056
2024-07-18 15:06:22+00:00,usd_mxn,17.81,17.82,0.056
2024-07-18 15:06:23+00:00,usd_mxn,17.81,17.82,0.056
2024-07-18 15:06:24+00:00,usd_mxn,17.81,17.82,0.056
2024-07-18 15:06:25+00:00,usd_mxn,17.81,17.82,0.056
2024-07-18 15:06:26+00:00,usd_mxn,17.81,17.82,0.056
2024-07-18 15:06:27+00:00,usd_mxn,17.81,17.82,0.056
2024-07-18 15:06:28+00:00,usd_mxn,17.81,17.82,0.056
2024-07-18 15:06:30+00:00,usd_mxn,17.81,17.82,0.056
2024-07-18 15:06:31+00:00,usd_mxn,17.81,17.82,0.056
2024-07-18 15:06:32+00:00,usd_mxn,17.81,17.82,0.056
2024-07-18 15:06:33+00:00,usd_mxn,17.81,17.82,0.056
2024-07-18 15:06:34+00:00,usd_mxn,17.81,17.82,0.056
2024-07-18 15:06:35+00:00,usd_mxn,17.81,17.82,0.056
2024-07-18 15:06:36+00:00,usd_mxn,17.81,17.82,0.056
2024-07-18 15:06:37+00:00,usd_mxn,17.81,17.82,0.056
2024-07-18 15:06:38+00:00,usd_mxn,17.81,17.82,0.056
2024-07-18 15:06:39+00:00,usd_mxn,17.81,17.82,0.056
2024-07-18 15:06:40+00:00,usd_mxn,17.81,17.82,0.056
2024-07-18 15:06:41+00:00,usd_mxn,17.81,17.82,0.056
2024-07-18 15:06:42+00:00,usd_mxn,17.81,17.82,0.056
2024-07-18 15:06:43+00:00,usd_mxn,17.81,17.82,0.056
2024-07-18 15:06:44+00:00,usd_mxn,17.81,17.82,0.056
2024-07-18 15:06:45+00:00,usd_mxn,17.81,17.82,0.056
2024-07-18 15:06:46+00:00,usd_mxn,17.81,17.82,0.056
2024-07-18 15:06:47+00:00,usd_mxn,17.81,17.82,0.056
2024-07-18 15:06:48+00:00,usd_mxn,17.81,17.82,0.056
2024-07-18 15:06:49+00:00,usd_mxn,17.81,17.82,0.056
2024-07-18 15:06:50+00:00,usd_mxn,17.81,17.82,0.056
2024-07-18 15:06:51+00:00,usd_mxn,17.81,17.82,0.056
2024-07-18 15:06:52+00:00,usd_mxn,17.81,17.82,0.056
2024-07-18 15:06:53+00:00,usd_mxn,17.81,17.82,0.056
2024-07-18 15:06:54+00:00,usd_mxn,17.81,17.82,0.056
2024-07-18 15:06:55+00:00,usd_mxn,17.81,17.82,0.056
2024-07-18 15:06:56+00:00,usd_mxn,17.81,17.82,0.056
2024-07-18 15:06:57+00:00,usd_mxn,17.81,17.82,0.056
2024-07-18 15:06:58+00:00,usd_mxn,17.81,17.82,0.056
2024-07-18 15:06:59+00:00,usd_mxn,17.81,17.82,0.056
2024-07-18 15:07:00+00:00,usd_mxn,17.81,17.82,0.056
2024-07-18 15:07:01+00:00,usd_mxn,17.81,17.82,0.056
2024-07-18 15:07:02+00:00,usd_mxn,17.81,17.82,0.056
2024-07-18 15:07:03+00:00,usd_mxn,17.81,17.82,0.056
2024-07-18 15:07:04+00:00,usd_mxn,17.81,17.82,0.056
2024-07-18 15:07:05+00:00,usd_mxn,17.81,17.82,0.056
2024-07-18 15:07:06+00:00,usd_mxn,17.81,17.82,0.056
2024-07-18 15:07:07+00:00,usd_mxn,17.81,17.82,0.056
2024-07-18 15:07:08+00:00,usd_mxn,17.81,17.82,0.056
2024-07-18 15:07:09+00:00,usd_mxn,17.81,17.82,0.056
2024-07-18 15:07:10+00:00,usd_mxn,17.81,17.82,0.056
2024-07-18 15:07:11+00:00,usd_mxn,17.81,17.82,0.056
2024-07-18 15:07:12+00:00,usd_mxn,17.81,17.82,0.056
2024-07-18 15:07:13+00:00,usd_mxn,17.81,17.82,0.056
2024-07-18 15:07:14+00:00,usd_mxn,17.81,17.82,0.056
2024-07-18 15:07:15+00:00,usd_mxn,17.81,17.82,0.056
2024-07-18 15:07:16+00:00,usd_mxn,17.81,17.82,0.056
2024-07-18 15:07:18+00:00,usd_mxn,17.81,17.82,0.056
2024-07-18 15:07:19+00:00,usd_mxn,17.81,17.82,0.056
2024-07-18 15:07:20+00:00,usd_mxn,17.81,17.82,0.056
2024-07-18 15:07:21+00:00,usd_mxn,17.81,17.82,0.056
2024-07-18 15:07:22+00:00,usd_mxn,17.81,17.82,0.056
2024-07-18 15:07:23+00:00,usd_mxn,17.81,17.82,0.056
2024-07-18 15:07:24+00:00,usd_mxn,17.81,17.82,0.056
2024-07-18 15:07:25+00:00,usd_mxn,17.81,17.82,0.056
2024-07-18 15:07:26+00:00,usd_mxn,17.81,17.82,0.056
2024-07-18 15:07:27+00:00,usd_mxn,17.81,17.82,0.056
2024-07-18 15:07:28+00:00,usd_mxn,17.81,17.82,0.056
2024-07-18 15:07:29+00:00,usd_mxn,17.81,17.82,0.056
2024-07-18 15:07:30+00:00,usd_mxn,17.81,17.82,0.056
2024-07-18 15:07:31+00:00,usd_mxn,17.81,17.82,0.056
2024-07-18 15:07:32+00:00,usd_mxn,17.81,17.82,0.056
2024-07-18 15:07:33+00:00,usd_mxn,17.81,17.82,0.056
2024-07-18 15:07:34+00:00,usd_mxn,17.81,17.82,0.056
2024-07-18 15:07:35+00:00,usd_mxn,17.81,17.82,0.056
2024-07-18 15:07:36+00:00,usd_mxn,17.81,17.82,0.056
2024-07-18 15:07:37+00:00,usd_mxn,17.81,17.82,0.056
2024-07-18 15:07:38+00:00,usd_mxn,17.81,17.82,0.056
2024-07-18 15:07:39+00:00,usd_mxn,17.81,17.82,0.056
2024-07-18 15:07:41+00:00,usd_mxn,17.81,17.82,0.056
2024-07-18 15:07:42+00:00,usd_mxn,17.81,17.82,0.056
2024-07-18 15:07:43+00:00,usd_mxn,17.81,17.82,0.056
2024-07-18 15:07:44+00:00,usd_mxn,17.81,17.82,0.056
2024-07-18 15:07:45+00:00,usd_mxn,17.81,17.82,0.056
2024-07-18 15:07:46+00:00,usd_mxn,17.81,17.82,0.056
2024-07-18 15:07:47+00:00,usd_mxn,17.81,17.82,0.056
2024-07-18 15:07:48+00:00,usd_mxn,17.81,17.82,0.056
2024-07-18 15:07:49+00:00,usd_mxn,17.81,17.82,0.056
2024-07-18 15:07:51+00:00,usd_mxn,17.81,17.82,0.056
2024-07-18 15:07:51+00:00,usd_mxn,17.81,17.82,0.056
2024-07-18 15:07:52+00:00,usd_mxn,17.81,17.82,0.056
2024-07-18 15:07:54+00:00,usd_mxn,17.81,17.82,0.056
2024-07-18 15:07:55+00:00,usd_mxn,17.81,17.82,0.056
2024-07-18 15:07:56+00:00,usd_mxn,17.81,17.82,0.056
2024-07-18 15:07:57+00:00,usd_mxn,17.81,17.82,0.056
2024-07-18 15:07:58+00:00,usd_mxn,17.81,17.82,0.056
2024-07-18 15:07:59+00:00,usd_mxn,17.81,17.82,0.056
2024-07-18 15:08:00+00:00,usd_mxn,17.81,17.82,0.056
2024-07-18 15:08:01+00:00,usd_mxn,17.81,17.82,0.056
2024-07-18 15:08:02+00:00,usd_mxn,17.81,17.82,0.056
2024-07-18 15:08:03+00:00,usd_mxn,17.81,17.82,0.056
2024-07-18 15:08:04+00:00,usd_mxn,17.81,17.82,0.056
2024-07-18 15:08:05+00:00,usd_mxn,17.81,17.82,0.056
2024-07-18 15:08:06+00:00,usd_mxn,17.81,17.82,0.056
2024-07-18 15:08:07+00:00,usd_mxn,17.81,17.82,0.056
2024-07-18 15:08:08+00:00,usd_mxn,17.81,17.82,0.056
2024-07-18 15:08:09+00:00,usd_mxn,17.81,17.82,0.056
2024-07-18 15:08:10+00:00,usd_mxn,17.81,17.82,0.056
2024-07-18 15:08:11+00:00,usd_mxn,17.81,17.82,0.056
2024-07-18 15:08:12+00:00,usd_mxn,17.81,17.82,0.056
2024-07-18 15:08:13+00:00,usd_mxn,17.81,17.82,0.056
2024-07-18 15:08:14+00:00,usd_mxn,17.81,17.82,0.056
2024-07-18 15:08:15+00:00,usd_mxn,17.81,17.82,0.056
2024-07-18 15:08:16+00:00,usd_mxn,17.81,17.82,0.056
2024-07-18 15:08:17+00:00,usd_mxn,17.81,17.82,0.056
2024-07-18 15:08:18+00:00,usd_mxn,17.81,17.82,0.056
2024-07-18 15:08:19+00:00,usd_mxn,17.81,17.82,0.056
2024-07-18 15:08:20+00:00,usd_mxn,17.81,17.82,0.056
2024-07-18 15:08:21+00:00,usd_mxn,17.81,17.82,0.056
2024-07-18 15:08:22+00:00,usd_mxn,17.81,17.82,0.056
2024-07-18 15:08:23+00:00,usd_mxn,17.81,17.82,0.056
2024-07-18 15:08:24+00:00,usd_mxn,17.81,17.82,0.056
2024-07-18 15:08:25+00:00,usd_mxn,17.81,17.82,0.056
2024-07-18 15:08:26+00:00,usd_mxn,17.81,17.82,0.056
2024-07-18 15:08:27+00:00,usd_mxn,17.81,17.82,0.056
2024-07-18 15:08:28+00:00,usd_mxn,17.81,17.82,0.056
2024-07-18 15:08:29+00:00,usd_mxn,17.81,17.82,0.056
2024-07-18 15:08:30+00:00,usd_mxn,17.81,17.82,0.056
2024-07-18 15:08:31+00:00,usd_mxn,17.81,17.82,0.056
2024-07-18 15:08:32+00:00,usd_mxn,17.81,17.82,0.056
2024-07-18 15:08:33+00:00,usd_mxn,17.81,17.82,0.056
2024-07-18 15:08:34+00:00,usd_mxn,17.81,17.82,0.056
2024-07-18 15:08:35+00:00,usd_mxn,17.81,17.82,0.056
2024-07-18 15:08:36+00:00,usd_mxn,17.81,17.82,0.056
2024-07-18 15:08:38+00:00,usd_mxn,17.81,17.82,0.056
2024-07-18 15:08:39+00:00,usd_mxn,17.81,17.82,0.056
2024-07-18 15:08:40+00:00,usd_mxn,17.81,17.82,0.056
2024-07-18 15:08:41+00:00,usd_mxn,17.81,17.82,0.056
2024-07-18 15:08:42+00:00,usd_mxn,17.81,17.82,0.056
2024-07-18 15:08:43+00:00,usd_mxn,17.81,17.82,0.056
2024-07-18 15:08:44+00:00,usd_mxn,17.81,17.82,0.056
2024-07-18 15:08:45+00:00,usd_mxn,17.81,17.82,0.056
2024-07-18 15:08:46+00:00,usd_mxn,17.81,17.82,0.056
2024-07-18 15:08:47+00:00,usd_mxn,17.81,17.82,0.056
2024-07-18 15:08:48+00:00,usd_mxn,17.81,17.82,0.056
2024-07-18 15:08:49+00:00,usd_mxn,17.81,17.82,0.056
2024-07-18 15:08:50+00:00,usd_mxn,17.81,17.82,0.056
2024-07-18 15:08:51+00:00,usd_mxn,17.81,17.82,0.056
2024-07-18 15:08:52+00:00,usd_mxn,17.81,17.82,0.056
2024-07-18 15:08:53+00:00,usd_mxn,17.81,17.82,0.056
2024-07-18 15:08:54+00:00,usd_mxn,17.81,17.82,0.056
2024-07-18 15:08:55+00:00,usd_mxn,17.81,17.82,0.056
2024-07-18 15:08:56+00:00,usd_mxn,17.81,17.82,0.056
2024-07-18 15:08:57+00:00,usd_mxn,17.81,17.82,0.056
2024-07-18 15:08:58+00:00,usd_mxn,17.81,17.82,0.056
2024-07-18 15:08:59+00:00,usd_mxn,17.81,17.82,0.056
2024-07-18 15:09:00+00:00,usd_mxn,17.81,17.82,0.056
2024-07-18 15:09:01+00:00,usd_mxn,17.81,17.82,0.056
2024-07-18 15:09:02+00:00,usd_mxn,17.81,17.82,0.056
2024-07-18 15:09:03+00:00,usd_mxn,17.81,17.82,0.056
2024-07-18 15:09:04+00:00,usd_mxn,17.81,17.82,0.056
2024-07-18 15:09:05+00:00,usd_mxn,17.81,17.82,0.056
2024-07-18 15:09:06+00:00,usd_mxn,17.81,17.82,0.056
2024-07-18 15:09:07+00:00,usd_mxn,17.81,17.82,0.056
2024-07-18 15:09:08+00:00,usd_mxn,17.81,17.82,0.056
2024-07-18 15:09:09+00:00,usd_mxn,17.81,17.82,0.056
2024-07-18 15:09:10+00:00,usd_mxn,17.81,17.82,0.056
2024-07-18 15:09:11+00:00,usd_mxn,17.81,17.82,0.056
2024-07-18 15:09:12+00:00,usd_mxn,17.81,17.82,0.056
2024-07-18 15:09:13+00:00,usd_mxn,17.81,17.82,0.056
2024-07-18 15:09:14+00:00,usd_mxn,17.81,17.82,0.056
2024-07-18 15:09:15+00:00,usd_mxn,17.81,17.82,0.056
2024-07-18 15:09:16+00:00,usd_mxn,17.81,17.82,0.056
2024-07-18 15:09:17+00:00,usd_mxn,17.81,17.82,0.056
2024-07-18 15:09:18+00:00,usd_mxn,17.81,17.82,0.056
2024-07-18 15:09:19+00:00,usd_mxn,17.81,17.82,0.056
2024-07-18 15:09:21+00:00,usd_mxn,17.81,17.82,0.056
2024-07-18 15:09:22+00:00,usd_mxn,17.81,17.82,0.056
2024-07-18 15:09:23+00:00,usd_mxn,17.81,17.82,0.056
2024-07-18 15:09:24+00:00,usd_mxn,17.81,17.82,0.056
2024-07-18 15:09:25+00:00,usd_mxn,17.81,17.82,0.056
2024-07-18 15:09:26+00:00,usd_mxn,17.81,17.82,0.056
2024-07-18 15:09:27+00:00,usd_mxn,17.81,17.82,0.056
2024-07-18 15:09:28+00:00,usd_mxn,17.81,17.82,0.056
2024-07-18 15:09:29+00:00,usd_mxn,17.81,17.82,0.056
2024-07-18 15:09:30+00:00,usd_mxn,17.81,17.82,0.056
2024-07-18 15:09:31+00:00,usd_mxn,17.81,17.82,0.056
2024-07-18 15:09:32+00:00,usd_mxn,17.81,17.82,0.056
2024-07-18 15:09:33+00:00,usd_mxn,17.81,17.82,0.056
2024-07-18 15:09:34+00:00,usd_mxn,17.81,17.82,0.056
2024-07-18 15:09:35+00:00,usd_mxn,17.81,17.82,0.056
2024-07-18 15:09:36+00:00,usd_mxn,17.81,17.82,0.056
2024-07-18 15:09:37+00:00,usd_mxn,17.81,17.82,0.056
2024-07-18 15:09:38+00:00,usd_mxn,17.81,17.82,0.056
2024-07-18 15:09:39+00:00,usd_mxn,17.81,17.82,0.056
2024-07-18 15:09:40+00:00,usd_mxn,17.81,17.82,0.056
2024-07-18 15:09:41+00:00,usd_mxn,17.81,17.82,0.056
2024-07-18 15:09:42+00:00,usd_mxn,17.81,17.82,0.056
2024-07-18 15:09:43+00:00,usd_mxn,17.81,17.82,0.056
2024-07-18 15:09:44+00:00,usd_mxn,17.81,17.82,0.056
2024-07-18 15:09:45+00:00,usd_mxn,17.81,17.82,0.056
2024-07-18 15:09:46+00:00,usd_mxn,17.81,17.82,0.056
2024-07-18 15:09:47+00:00,usd_mxn,17.81,17.82,0.056
2024-07-18 15:09:48+00:00,usd_mxn,17.81,17.82,0.056
2024-07-18 15:09:49+00:00,usd_mxn,17.81,17.82,0.056
2024-07-18 15:09:50+00:00,usd_mxn,17.81,17.82,0.056
2024-07-18 15:09:51+00:00,usd_mxn,17.81,17.82,0.056
2024-07-18 15:09:52+00:00,usd_mxn,17.81,17.82,0.056
2024-07-18 15:09:53+00:00,usd_mxn,17.81,17.82,0.056
2024-07-18 15:09:54+00:00,usd_mxn,17.81,17.82,0.056
2024-07-18 15:09:55+00:00,usd_mxn,17.81,17.82,0.056
2024-07-18 15:09:56+00:00,usd_mxn,17.81,17.82,0.056
2024-07-18 15:09:57+00:00,usd_mxn,17.81,17.82,0.056
2024-07-18 15:09:58+00:00,usd_mxn,17.81,17.82,0.056
2024-07-18 15:09:59+00:00,usd_mxn,17.81,17.82,0.056
2024-07-18 15:10:00+00:00,usd_mxn,17.81,17.82,0.056
2024-07-18 15:10:01+00:00,usd_mxn,17.81,17.82,0.056
2024-07-18 15:10:02+00:00,usd_mxn,17.81,17.82,0.056
2024-07-18 15:10:03+00:00,usd_mxn,17.81,17.82,0.056
2024-07-18 15:10:04+00:00,usd_mxn,17.81,17.82,0.056
2024-07-18 15:10:05+00:00,usd_mxn,17.81,17.82,0.056
2024-07-18 15:10:06+00:00,usd_mxn,17.81,17.82,0.056
2024-07-18 15:10:07+00:00,usd_mxn,17.81,17.82,0.056
2024-07-18 15:10:08+00:00,usd_mxn,17.81,17.82,0.056
2024-07-18 15:10:09+00:00,usd_mxn,17.81,17.82,0.056
2024-07-18 15:10:10+00:00,usd_mxn,17.81,17.82,0.056
2024-07-18 15:10:11+00:00,usd_mxn,17.81,17.82,0.056
2024-07-18 15:10:12+00:00,usd_mxn,17.81,17.82,0.056
2024-07-18 15:10:13+00:00,usd_mxn,17.81,17.82,0.056
2024-07-18 15:10:14+00:00,usd_mxn,17.81,17.82,0.056
2024-07-18 15:10:15+00:00,usd_mxn,17.81,17.82,0.056
2024-07-18 15:10:16+00:00,usd_mxn,17.81,17.82,0.056
2024-07-18 15:10:17+00:00,usd_mxn,17.81,17.82,0.056
2024-07-18 15:10:18+00:00,usd_mxn,17.81,17.82,0.056
2024-07-18 15:10:19+00:00,usd_mxn,17.81,17.82,0.056
2024-07-18 15:10:20+00:00,usd_mxn,17.81,17.82,0.056
2024-07-18 15:10:21+00:00,usd_mxn,17.81,17.82,0.056
2024-07-18 15:10:22+00:00,usd_mxn,17.81,17.82,0.056
2024-07-18 15:10:23+00:00,usd_mxn,17.81,17.82,0.056
2024-07-18 15:10:25+00:00,usd_mxn,17.81,17.82,0.056
2024-07-18 15:10:26+00:00,usd_mxn,17.81,17.82,0.056
2024-07-18 15:10:27+00:00,usd_mxn,17.81,17.82,0.056
2024-07-18 15:10:28+00:00,usd_mxn,17.81,17.82,0.056
2024-07-18 15:10:29+00:00,usd_mxn,17.81,17.82,0.056
2024-07-18 15:10:30+00:00,usd_mxn,17.81,17.82,0.056
2024-07-18 15:10:31+00:00,usd_mxn,17.81,17.82,0.056
2024-07-18 15:10:32+00:00,usd_mxn,17.81,17.82,0.056
2024-07-18 15:10:33+00:00,usd_mxn,17.81,17.82,0.056
2024-07-18 15:10:34+00:00,usd_mxn,17.81,17.82,0.056
2024-07-18 15:10:35+00:00,usd_mxn,17.81,17.82,0.056
2024-07-18 15:10:36+00:00,usd_mxn,17.81,17.82,0.056
2024-07-18 15:10:37+00:00,usd_mxn,17.81,17.82,0.056
2024-07-18 15:10:38+00:00,usd_mxn,17.81,17.82,0.056
2024-07-18 15:10:39+00:00,usd_mxn,17.81,17.82,0.056
2024-07-18 15:10:40+00:00,usd_mxn,17.81,17.82,0.056
2024-07-18 15:10:41+00:00,usd_mxn,17.81,17.82,0.056
2024-07-18 15:10:42+00:00,usd_mxn,17.81,17.82,0.056
2024-07-18 15:10:43+00:00,usd_mxn,17.81,17.82,0.056
2024-07-18 15:10:44+00:00,usd_mxn,17.81,17.82,0.056
2024-07-18 15:10:45+00:00,usd_mxn,17.81,17.82,0.056
2024-07-18 15:10:46+00:00,usd_mxn,17.81,17.82,0.056
2024-07-18 15:10:47+00:00,usd_mxn,17.81,17.82,0.056
2024-07-18 15:10:48+00:00,usd_mxn,17.81,17.82,0.056
2024-07-18 15:10:49+00:00,usd_mxn,17.81,17.82,0.056
2024-07-18 15:10:50+00:00,usd_mxn,17.81,17.82,0.056
2024-07-18 15:10:51+00:00,usd_mxn,17.81,17.82,0.056
2024-07-18 15:10:52+00:00,usd_mxn,17.81,17.82,0.056
2024-07-18 15:10:53+00:00,usd_mxn,17.81,17.82,0.056
2024-07-18 15:10:54+00:00,usd_mxn,17.81,17.82,0.056
2024-07-18 15:10:55+00:00,usd_mxn,17.81,17.82,0.056
2024-07-18 15:10:56+00:00,usd_mxn,17.81,17.82,0.056
2024-07-18 15:10:57+00:00,usd_mxn,17.81,17.82,0.056
2024-07-18 15:10:58+00:00,usd_mxn,17.81,17.82,0.056
2024-07-18 15:10:59+00:00,usd_mxn,17.81,17.82,0.056
2024-07-18 15:11:00+00:00,usd_mxn,17.81,17.82,0.056
2024-07-18 15:11:01+00:00,usd_mxn,17.81,17.82,0.056
2024-07-18 15:11:02+00:00,usd_mxn,17.81,17.82,0.056
2024-07-18 15:11:03+00:00,usd_mxn,17.81,17.82,0.056
2024-07-18 15:11:04+00:00,usd_mxn,17.81,17.82,0.056
2024-07-18 15:11:05+00:00,usd_mxn,17.81,17.82,0.056
2024-07-18 15:11:07+00:00,usd_mxn,17.81,17.82,0.056
2024-07-18 15:11:07+00:00,usd_mxn,17.81,17.82,0.056
2024-07-18 15:11:09+00:00,usd_mxn,17.81,17.82,0.056
2024-07-18 15:11:10+00:00,usd_mxn,17.81,17.82,0.056
2024-07-18 15:11:11+00:00,usd_mxn,17.81,17.82,0.056
2024-07-18 15:11:12+00:00,usd_mxn,17.81,17.82,0.056
2024-07-18 15:11:13+00:00,usd_mxn,17.81,17.82,0.056
2024-07-18 15:11:14+00:00,usd_mxn,17.81,17.82,0.056
2024-07-18 15:11:15+00:00,usd_mxn,17.81,17.82,0.056
2024-07-18 15:11:16+00:00,usd_mxn,17.81,17.82,0.056
2024-07-18 15:11:17+00:00,usd_mxn,17.81,17.82,0.056
2024-07-18 15:11:18+00:00,usd_mxn,17.81,17.82,0.056
2024-07-18 15:11:19+00:00,usd_mxn,17.81,17.82,0.056
2024-07-18 15:11:20+00:00,usd_mxn,17.81,17.82,0.056
2024-07-18 15:11:21+00:00,usd_mxn,17.81,17.82,0.056
2024-07-18 15:11:22+00:00,usd_mxn,17.81,17.82,0.056
2024-07-18 15:11:23+00:00,usd_mxn,17.81,17.82,0.056
2024-07-18 15:11:24+00:00,usd_mxn,17.81,17.82,0.056
2024-07-18 15:11:25+00:00,usd_mxn,17.81,17.82,0.056
2024-07-18 15:11:26+00:00,usd_mxn,17.81,17.82,0.056
2024-07-18 15:11:27+00:00,usd_mxn,17.81,17.82,0.056
2024-07-18 15:11:28+00:00,usd_mxn,17.81,17.82,0.056
2024-07-18 15:11:29+00:00,usd_mxn,17.81,17.82,0.056
2024-07-18 15:11:30+00:00,usd_mxn,17.81,17.82,0.056
2024-07-18 15:11:31+00:00,usd_mxn,17.81,17.82,0.056
2024-07-18 15:11:32+00:00,usd_mxn,17.81,17.82,0.056
2024-07-18 15:11:33+00:00,usd_mxn,17.81,17.82,0.056
2024-07-18 15:11:34+00:00,usd_mxn,17.81,17.82,0.056
2024-07-18 15:11:35+00:00,usd_mxn,17.81,17.82,0.056
2024-07-18 15:11:36+00:00,usd_mxn,17.81,17.82,0.056
2024-07-18 15:11:38+00:00,usd_mxn,17.81,17.82,0.056
2024-07-18 15:11:38+00:00,usd_mxn,17.81,17.82,0.056
2024-07-18 15:11:39+00:00,usd_mxn,17.81,17.82,0.056
2024-07-18 15:11:40+00:00,usd_mxn,17.81,17.82,0.056
2024-07-18 15:11:41+00:00,usd_mxn,17.81,17.82,0.056
2024-07-18 15:11:42+00:00,usd_mxn,17.81,17.82,0.056
2024-07-18 15:11:43+00:00,usd_mxn,17.81,17.82,0.056
2024-07-18 15:11:44+00:00,usd_mxn,17.81,17.82,0.056
2024-07-18 15:11:45+00:00,usd_mxn,17.81,17.82,0.056
2024-07-18 15:11:46+00:00,usd_mxn,17.81,17.82,0.056
2024-07-18 15:11:47+00:00,usd_mxn,17.81,17.82,0.056
2024-07-18 15:11:48+00:00,usd_mxn,17.81,17.82,0.056
2024-07-18 15:11:49+00:00,usd_mxn,17.81,17.82,0.056
2024-07-18 15:11:50+00:00,usd_mxn,17.81,17.82,0.056
2024-07-18 15:11:51+00:00,usd_mxn,17.81,17.82,0.056
2024-07-18 15:11:52+00:00,usd_mxn,17.81,17.82,0.056
2024-07-18 15:11:53+00:00,usd_mxn,17.81,17.82,0.056
2024-07-18 15:11:54+00:00,usd_mxn,17.81,17.82,0.056
2024-07-18 15:11:55+00:00,usd_mxn,17.81,17.82,0.056
2024-07-18 15:11:56+00:00,usd_mxn,17.81,17.82,0.056
2024-07-18 15:11:57+00:00,usd_mxn,17.81,17.82,0.056
2024-07-18 15:11:58+00:00,usd_mxn,17.81,17.82,0.056
2024-07-18 15:11:59+00:00,usd_mxn,17.81,17.82,0.056
2024-07-18 15:12:00+00:00,usd_mxn,17.81,17.82,0.056
2024-07-18 15:12:01+00:00,usd_mxn,17.81,17.82,0.056
2024-07-18 15:12:02+00:00,usd_mxn,17.81,17.82,0.056
2024-07-18 15:12:03+00:00,usd_mxn,17.81,17.82,0.056
2024-07-18 15:12:04+00:00,usd_mxn,17.81,17.82,0.056
2024-07-18 15:12:05+00:00,usd_mxn,17.81,17.82,0.056
2024-07-18 15:12:07+00:00,usd_mxn,17.81,17.82,0.056
2024-07-18 15:12:08+00:00,usd_mxn,17.81,17.82,0.056
2024-07-18 15:12:09+00:00,usd_mxn,17.81,17.82,0.056
2024-07-18 15:12:10+00:00,usd_mxn,17.81,17.82,0.056
2024-07-18 15:12:11+00:00,usd_mxn,17.81,17.82,0.056
2024-07-18 15:12:12+00:00,usd_mxn,17.81,17.82,0.056
2024-07-18 15:12:13+00:00,usd_mxn,17.81,17.82,0.056
2024-07-18 15:12:14+00:00,usd_mxn,17.81,17.82,0.056
2024-07-18 15:12:15+00:00,usd_mxn,17.81,17.82,0.056
2024-07-18 15:12:16+00:00,usd_mxn,17.81,17.82,0.056
2024-07-18 15:12:17+00:00,usd_mxn,17.82,17.83,0.056
2024-07-18 15:12:18+00:00,usd_mxn,17.82,17.83,0.056
2024-07-18 15:12:19+00:00,usd_mxn,17.82,17.83,0.056
2024-07-18 15:12:20+00:00,usd_mxn,17.82,17.83,0.056
2024-07-18 15:12:21+00:00,usd_mxn,17.82,17.83,0.056
2024-07-18 15:12:22+00:00,usd_mxn,17.82,17.83,0.056
2024-07-18 15:12:23+00:00,usd_mxn,17.82,17.83,0.056
2024-07-18 15:12:24+00:00,usd_mxn,17.82,17.83,0.056
2024-07-18 15:12:25+00:00,usd_mxn,17.82,17.83,0.056
2024-07-18 15:12:26+00:00,usd_mxn,17.82,17.83,0.056
2024-07-18 15:12:27+00:00,usd_mxn,17.82,17.83,0.056
2024-07-18 15:12:28+00:00,usd_mxn,17.82,17.83,0.056
2024-07-18 15:12:29+00:00,usd_mxn,17.82,17.83,0.056
2024-07-18 15:12:30+00:00,usd_mxn,17.82,17.83,0.056
2024-07-18 15:12:31+00:00,usd_mxn,17.82,17.83,0.056
2024-07-18 15:12:32+00:00,usd_mxn,17.82,17.83,0.056
2024-07-18 15:12:33+00:00,usd_mxn,17.82,17.83,0.056
2024-07-18 15:12:34+00:00,usd_mxn,17.82,17.83,0.056
2024-07-18 15:12:35+00:00,usd_mxn,17.82,17.83,0.056
2024-07-18 15:12:36+00:00,usd_mxn,17.82,17.83,0.056
2024-07-18 15:12:37+00:00,usd_mxn,17.82,17.83,0.056
2024-07-18 15:12:38+00:00,usd_mxn,17.82,17.83,0.056
2024-07-18 15:12:39+00:00,usd_mxn,17.82,17.83,0.056
2024-07-18 15:12:40+00:00,usd_mxn,17.82,17.83,0.056
2024-07-18 15:12:41+00:00,usd_mxn,17.82,17.83,0.056
2024-07-18 15:12:42+00:00,usd_mxn,17.82,17.83,0.056
2024-07-18 15:12:43+00:00,usd_mxn,17.82,17.83,0.056
2024-07-18 15:12:44+00:00,usd_mxn,17.82,17.83,0.056
2024-07-18 15:12:45+00:00,usd_mxn,17.82,17.83,0.056
2024-07-18 15:12:46+00:00,usd_mxn,17.82,17.83,0.056
2024-07-18 15:12:47+00:00,usd_mxn,17.82,17.83,0.056
2024-07-18 15:12:48+00:00,usd_mxn,17.82,17.83,0.056
2024-07-18 15:12:49+00:00,usd_mxn,17.82,17.83,0.056
2024-07-18 15:12:50+00:00,usd_mxn,17.82,17.83,0.056
2024-07-18 15:12:51+00:00,usd_mxn,17.82,17.83,0.056
2024-07-18 15:12:52+00:00,usd_mxn,17.82,17.83,0.056
2024-07-18 15:12:53+00:00,usd_mxn,17.82,17.83,0.056
2024-07-18 15:12:54+00:00,usd_mxn,17.82,17.83,0.056
2024-07-18 15:12:55+00:00,usd_mxn,17.82,17.83,0.056
2024-07-18 15:12:56+00:00,usd_mxn,17.82,17.83,0.056
2024-07-18 15:12:57+00:00,usd_mxn,17.82,17.83,0.056
2024-07-18 15:12:59+00:00,usd_mxn,17.82,17.83,0.056
2024-07-18 15:12:59+00:00,usd_mxn,17.82,17.83,0.056
2024-07-18 15:13:01+00:00,usd_mxn,17.82,17.83,0.056
2024-07-18 15:13:02+00:00,usd_mxn,17.82,17.83,0.056
2024-07-18 15:13:03+00:00,usd_mxn,17.82,17.83,0.056
2024-07-18 15:13:04+00:00,usd_mxn,17.82,17.83,0.056
2024-07-18 15:13:05+00:00,usd_mxn,17.82,17.83,0.056
2024-07-18 15:13:06+00:00,usd_mxn,17.82,17.83,0.056
2024-07-18 15:13:07+00:00,usd_mxn,17.82,17.83,0.056
2024-07-18 15:13:08+00:00,usd_mxn,17.82,17.83,0.056
2024-07-18 15:13:09+00:00,usd_mxn,17.82,17.83,0.056
2024-07-18 15:13:10+00:00,usd_mxn,17.82,17.83,0.056
2024-07-18 15:13:11+00:00,usd_mxn,17.82,17.83,0.056
2024-07-18 15:13:12+00:00,usd_mxn,17.82,17.83,0.056
2024-07-18 15:13:13+00:00,usd_mxn,17.82,17.83,0.056
2024-07-18 15:13:14+00:00,usd_mxn,17.82,17.83,0.056
2024-07-18 15:13:15+00:00,usd_mxn,17.82,17.83,0.056
2024-07-18 15:13:16+00:00,usd_mxn,17.82,17.83,0.056
2024-07-18 15:13:17+00:00,usd_mxn,17.82,17.83,0.056
2024-07-18 15:13:18+00:00,usd_mxn,17.82,17.83,0.056
2024-07-18 15:13:19+00:00,usd_mxn,17.82,17.83,0.056
2024-07-18 15:13:20+00:00,usd_mxn,17.82,17.83,0.056
2024-07-18 15:13:21+00:00,usd_mxn,17.82,17.83,0.056
2024-07-18 15:13:22+00:00,usd_mxn,17.82,17.83,0.056
2024-07-18 15:13:23+00:00,usd_mxn,17.82,17.83,0.056
2024-07-18 15:13:24+00:00,usd_mxn,17.82,17.83,0.056
2024-07-18 15:13:25+00:00,usd_mxn,17.82,17.83,0.056
2024-07-18 15:13:26+00:00,usd_mxn,17.82,17.83,0.056
2024-07-18 15:13:27+00:00,usd_mxn,17.82,17.83,0.056
2024-07-18 15:13:28+00:00,usd_mxn,17.82,17.83,0.056
2024-07-18 15:13:29+00:00,usd_mxn,17.82,17.83,0.056
2024-07-18 15:13:30+00:00,usd_mxn,17.82,17.83,0.056
2024-07-18 15:13:31+00:00,usd_mxn,17.82,17.83,0.056
2024-07-18 15:13:32+00:00,usd_mxn,17.82,17.83,0.056
2024-07-18 15:13:33+00:00,usd_mxn,17.82,17.83,0.056
2024-07-18 15:13:34+00:00,usd_mxn,17.82,17.83,0.056
2024-07-18 15:13:35+00:00,usd_mxn,17.82,17.83,0.056
2024-07-18 15:13:36+00:00,usd_mxn,17.82,17.83,0.056
2024-07-18 15:13:37+00:00,usd_mxn,17.82,17.83,0.056
2024-07-18 15:13:38+00:00,usd_mxn,17.82,17.83,0.056
2024-07-18 15:13:39+00:00,usd_mxn,17.82,17.83,0.056
2024-07-18 15:13:40+00:00,usd_mxn,17.82,17.83,0.056
2024-07-18 15:13:41+00:00,usd_mxn,17.82,17.83,0.056
2024-07-18 15:13:42+00:00,usd_mxn,17.82,17.83,0.056
2024-07-18 15:13:43+00:00,usd_mxn,17.82,17.83,0.056
2024-07-18 15:13:44+00:00,usd_mxn,17.82,17.83,0.056
2024-07-18 15:13:45+00:00,usd_mxn,17.82,17.83,0.056
2024-07-18 15:13:46+00:00,usd_mxn,17.82,17.83,0.056
2024-07-18 15:13:47+00:00,usd_mxn,17.82,17.83,0.056
2024-07-18 15:13:48+00:00,usd_mxn,17.82,17.83,0.056
2024-07-18 15:13:49+00:00,usd_mxn,17.82,17.83,0.056
2024-07-18 15:13:50+00:00,usd_mxn,17.82,17.83,0.056
2024-07-18 15:13:51+00:00,usd_mxn,17.82,17.83,0.056
2024-07-18 15:13:52+00:00,usd_mxn,17.82,17.83,0.056
2024-07-18 15:13:53+00:00,usd_mxn,17.82,17.83,0.056
2024-07-18 15:13:54+00:00,usd_mxn,17.82,17.83,0.056
2024-07-18 15:13:55+00:00,usd_mxn,17.82,17.83,0.056
2024-07-18 15:13:56+00:00,usd_mxn,17.82,17.83,0.056
2024-07-18 15:13:57+00:00,usd_mxn,17.82,17.83,0.056
2024-07-18 15:13:58+00:00,usd_mxn,17.82,17.83,0.056
2024-07-18 15:13:59+00:00,usd_mxn,17.82,17.83,0.056
2024-07-18 15:14:00+00:00,usd_mxn,17.82,17.83,0.056
2024-07-18 15:14:01+00:00,usd_mxn,17.82,17.83,0.056
2024-07-18 15:14:02+00:00,usd_mxn,17.82,17.83,0.056
2024-07-18 15:14:04+00:00,usd_mxn,17.82,17.83,0.056
2024-07-18 15:14:05+00:00,usd_mxn,17.82,17.83,0.056
2024-07-18 15:14:06+00:00,usd_mxn,17.82,17.83,0.056
2024-07-18 15:14:07+00:00,usd_mxn,17.82,17.83,0.056
2024-07-18 15:14:08+00:00,usd_mxn,17.82,17.83,0.056
2024-07-18 15:14:09+00:00,usd_mxn,17.82,17.83,0.056
2024-07-18 15:14:10+00:00,usd_mxn,17.82,17.83,0.056
2024-07-18 15:14:11+00:00,usd_mxn,17.82,17.83,0.056
2024-07-18 15:14:12+00:00,usd_mxn,17.82,17.83,0.056
2024-07-18 15:14:13+00:00,usd_mxn,17.82,17.83,0.056
2024-07-18 15:14:14+00:00,usd_mxn,17.82,17.83,0.056
2024-07-18 15:14:15+00:00,usd_mxn,17.82,17.83,0.056
2024-07-18 15:14:16+00:00,usd_mxn,17.82,17.83,0.056
2024-07-18 15:14:17+00:00,usd_mxn,17.82,17.83,0.056
2024-07-18 15:14:18+00:00,usd_mxn,17.82,17.83,0.056
2024-07-18 15:14:19+00:00,usd_mxn,17.82,17.83,0.056
2024-07-18 15:14:20+00:00,usd_mxn,17.82,17.83,0.056
2024-07-18 15:14:21+00:00,usd_mxn,17.82,17.83,0.056
2024-07-18 15:14:22+00:00,usd_mxn,17.82,17.83,0.056
2024-07-18 15:14:23+00:00,usd_mxn,17.82,17.83,0.056
2024-07-18 15:14:24+00:00,usd_mxn,17.82,17.83,0.056
2024-07-18 15:14:25+00:00,usd_mxn,17.82,17.83,0.056
2024-07-18 15:14:26+00:00,usd_mxn,17.82,17.83,0.056
2024-07-18 15:14:27+00:00,usd_mxn,17.82,17.83,0.056
2024-07-18 15:14:28+00:00,usd_mxn,17.82,17.83,0.056
2024-07-18 15:14:29+00:00,usd_mxn,17.82,17.83,0.056
2024-07-18 15:14:30+00:00,usd_mxn,17.82,17.83,0.056
2024-07-18 15:14:31+00:00,usd_mxn,17.82,17.83,0.056
2024-07-18 15:14:32+00:00,usd_mxn,17.82,17.83,0.056
2024-07-18 15:14:33+00:00,usd_mxn,17.82,17.83,0.056
2024-07-18 15:14:34+00:00,usd_mxn,17.82,17.83,0.056
2024-07-18 15:14:35+00:00,usd_mxn,17.82,17.83,0.056
2024-07-18 15:14:36+00:00,usd_mxn,17.82,17.83,0.056
2024-07-18 15:14:37+00:00,usd_mxn,17.82,17.83,0.056
2024-07-18 15:14:38+00:00,usd_mxn,17.82,17.83,0.056
2024-07-18 15:14:39+00:00,usd_mxn,17.82,17.83,0.056
2024-07-18 15:14:40+00:00,usd_mxn,17.82,17.83,0.056
2024-07-18 15:14:41+00:00,usd_mxn,17.82,17.83,0.056
2024-07-18 15:14:42+00:00,usd_mxn,17.82,17.83,0.056
2024-07-18 15:14:43+00:00,usd_mxn,17.82,17.83,0.056
2024-07-18 15:14:44+00:00,usd_mxn,17.82,17.83,0.056
2024-07-18 15:14:45+00:00,usd_mxn,17.82,17.83,0.056
2024-07-18 15:14:46+00:00,usd_mxn,17.82,17.83,0.056
2024-07-18 15:14:47+00:00,usd_mxn,17.82,17.83,0.056
2024-07-18 15:14:48+00:00,usd_mxn,17.82,17.83,0.056
2024-07-18 15:14:49+00:00,usd_mxn,17.82,17.83,0.056
2024-07-18 15:14:50+00:00,usd_mxn,17.82,17.83,0.056
2024-07-18 15:14:51+00:00,usd_mxn,17.82,17.83,0.056
2024-07-18 15:14:52+00:00,usd_mxn,17.82,17.83,0.056
2024-07-18 15:14:53+00:00,usd_mxn,17.82,17.83,0.056
2024-07-18 15:14:54+00:00,usd_mxn,17.82,17.83,0.056
2024-07-18 15:14:55+00:00,usd_mxn,17.82,17.83,0.056
2024-07-18 15:14:56+00:00,usd_mxn,17.82,17.83,0.056
2024-07-18 15:14:57+00:00,usd_mxn,17.82,17.83,0.056
2024-07-18 15:14:58+00:00,usd_mxn,17.82,17.83,0.056
2024-07-18 15:14:59+00:00,usd_mxn,17.82,17.83,0.056
2024-07-18 15:15:00+00:00,usd_mxn,17.82,17.83,0.056
2024-07-18 15:15:01+00:00,usd_mxn,17.82,17.83,0.056
2024-07-18 15:15:02+00:00,usd_mxn,17.82,17.83,0.056
2024-07-18 15:15:03+00:00,usd_mxn,17.82,17.83,0.056
2024-07-18 15:15:05+00:00,usd_mxn,17.82,17.83,0.056
2024-07-18 15:15:05+00:00,usd_mxn,17.82,17.83,0.056
2024-07-18 15:15:07+00:00,usd_mxn,17.82,17.83,0.056
2024-07-18 15:15:07+00:00,usd_mxn,17.82,17.83,0.056
2024-07-18 15:15:08+00:00,usd_mxn,17.82,17.83,0.056
2024-07-18 15:15:09+00:00,usd_mxn,17.82,17.83,0.056
2024-07-18 15:15:11+00:00,usd_mxn,17.82,17.83,0.056
2024-07-18 15:15:12+00:00,usd_mxn,17.82,17.83,0.056
2024-07-18 15:15:13+00:00,usd_mxn,17.82,17.83,0.056
2024-07-18 15:15:14+00:00,usd_mxn,17.82,17.83,0.056
2024-07-18 15:15:15+00:00,usd_mxn,17.82,17.83,0.056
2024-07-18 15:15:16+00:00,usd_mxn,17.82,17.83,0.056
2024-07-18 15:15:17+00:00,usd_mxn,17.82,17.83,0.056
2024-07-18 15:15:18+00:00,usd_mxn,17.82,17.83,0.056
2024-07-18 15:15:19+00:00,usd_mxn,17.82,17.83,0.056
2024-07-18 15:15:20+00:00,usd_mxn,17.82,17.83,0.056
2024-07-18 15:15:21+00:00,usd_mxn,17.82,17.83,0.056
2024-07-18 15:15:22+00:00,usd_mxn,17.82,17.83,0.056
2024-07-18 15:15:23+00:00,usd_mxn,17.82,17.83,0.056
2024-07-18 15:15:24+00:00,usd_mxn,17.82,17.83,0.056
2024-07-18 15:15:25+00:00,usd_mxn,17.82,17.83,0.056
2024-07-18 15:15:26+00:00,usd_mxn,17.82,17.83,0.056
2024-07-18 15:15:27+00:00,usd_mxn,17.82,17.83,0.056
2024-07-18 15:15:28+00:00,usd_mxn,17.82,17.83,0.056
2024-07-18 15:15:29+00:00,usd_mxn,17.82,17.83,0.056
2024-07-18 15:15:30+00:00,usd_mxn,17.82,17.83,0.056
2024-07-18 15:15:31+00:00,usd_mxn,17.82,17.83,0.056
2024-07-18 15:15:32+00:00,usd_mxn,17.82,17.83,0.056
2024-07-18 15:15:33+00:00,usd_mxn,17.82,17.83,0.056
2024-07-18 15:15:34+00:00,usd_mxn,17.82,17.83,0.056
2024-07-18 15:15:35+00:00,usd_mxn,17.82,17.83,0.056
2024-07-18 15:15:36+00:00,usd_mxn,17.82,17.83,0.056
2024-07-18 15:15:37+00:00,usd_mxn,17.82,17.83,0.056
2024-07-18 15:15:38+00:00,usd_mxn,17.82,17.83,0.056
2024-07-18 15:15:39+00:00,usd_mxn,17.82,17.83,0.056
2024-07-18 15:15:40+00:00,usd_mxn,17.82,17.83,0.056
2024-07-18 15:15:41+00:00,usd_mxn,17.82,17.83,0.056
2024-07-18 15:15:42+00:00,usd_mxn,17.82,17.83,0.056
2024-07-18 15:15:43+00:00,usd_mxn,17.82,17.83,0.056
2024-07-18 15:15:44+00:00,usd_mxn,17.82,17.83,0.056
2024-07-18 15:15:45+00:00,usd_mxn,17.82,17.83,0.056
2024-07-18 15:15:46+00:00,usd_mxn,17.82,17.83,0.056
2024-07-18 15:15:48+00:00,usd_mxn,17.82,17.83,0.056
2024-07-18 15:15:48+00:00,usd_mxn,17.82,17.83,0.056
2024-07-18 15:15:50+00:00,usd_mxn,17.82,17.83,0.056
2024-07-18 15:15:51+00:00,usd_mxn,17.82,17.83,0.056
2024-07-18 15:15:52+00:00,usd_mxn,17.82,17.83,0.056
2024-07-18 15:15:53+00:00,usd_mxn,17.82,17.83,0.056
2024-07-18 15:15:54+00:00,usd_mxn,17.82,17.83,0.056
2024-07-18 15:15:55+00:00,usd_mxn,17.82,17.83,0.056
2024-07-18 15:15:56+00:00,usd_mxn,17.82,17.83,0.056
2024-07-18 15:15:57+00:00,usd_mxn,17.82,17.83,0.056
2024-07-18 15:15:58+00:00,usd_mxn,17.82,17.83,0.056
2024-07-18 15:15:59+00:00,usd_mxn,17.82,17.83,0.056
2024-07-18 15:16:00+00:00,usd_mxn,17.82,17.83,0.056
2024-07-18 15:16:01+00:00,usd_mxn,17.82,17.83,0.056
2024-07-18 15:16:02+00:00,usd_mxn,17.82,17.83,0.056
2024-07-18 15:16:03+00:00,usd_mxn,17.82,17.83,0.056
2024-07-18 15:16:04+00:00,usd_mxn,17.82,17.83,0.056
2024-07-18 15:16:05+00:00,usd_mxn,17.82,17.83,0.056
2024-07-18 15:16:06+00:00,usd_mxn,17.82,17.83,0.056
2024-07-18 15:16:07+00:00,usd_mxn,17.82,17.83,0.056
2024-07-18 15:16:08+00:00,usd_mxn,17.82,17.83,0.056
2024-07-18 15:16:09+00:00,usd_mxn,17.82,17.83,0.056
2024-07-18 15:16:10+00:00,usd_mxn,17.82,17.83,0.056
2024-07-18 15:16:11+00:00,usd_mxn,17.82,17.83,0.056
2024-07-18 15:16:12+00:00,usd_mxn,17.82,17.83,0.056
2024-07-18 15:16:13+00:00,usd_mxn,17.82,17.83,0.056
2024-07-18 15:16:14+00:00,usd_mxn,17.82,17.83,0.056
2024-07-18 15:16:15+00:00,usd_mxn,17.82,17.83,0.056
2024-07-18 15:16:16+00:00,usd_mxn,17.82,17.83,0.056
2024-07-18 15:16:17+00:00,usd_mxn,17.82,17.83,0.056
2024-07-18 15:16:18+00:00,usd_mxn,17.82,17.83,0.056
2024-07-18 15:16:19+00:00,usd_mxn,17.82,17.83,0.056
2024-07-18 15:16:20+00:00,usd_mxn,17.82,17.83,0.056
2024-07-18 15:16:21+00:00,usd_mxn,17.82,17.83,0.056
2024-07-18 15:16:22+00:00,usd_mxn,17.82,17.83,0.056
2024-07-18 15:16:23+00:00,usd_mxn,17.82,17.83,0.056
2024-07-18 15:16:24+00:00,usd_mxn,17.82,17.83,0.056
2024-07-18 15:16:26+00:00,usd_mxn,17.82,17.83,0.056
2024-07-18 15:16:26+00:00,usd_mxn,17.82,17.83,0.056
2024-07-18 15:16:27+00:00,usd_mxn,17.82,17.83,0.056
2024-07-18 15:16:28+00:00,usd_mxn,17.82,17.83,0.056
2024-07-18 15:16:29+00:00,usd_mxn,17.82,17.83,0.056
2024-07-18 15:16:30+00:00,usd_mxn,17.82,17.83,0.056
2024-07-18 15:16:31+00:00,usd_mxn,17.82,17.83,0.056
