orderbook_timestamp,book,bid,ask,spread
2024-07-18 01:18:02+00:00,btc_mxn,1142580.0,1144310.0,0.151
2024-07-18 01:18:03+00:00,btc_mxn,1142660.0,1144310.0,0.144
2024-07-18 01:18:04+00:00,btc_mxn,1142660.0,1144310.0,0.144
2024-07-18 01:18:05+00:00,btc_mxn,1142660.0,1144310.0,0.144
2024-07-18 01:18:06+00:00,btc_mxn,1142660.0,1144310.0,0.144
2024-07-18 01:18:07+00:00,btc_mxn,1142660.0,1144310.0,0.144
2024-07-18 01:18:08+00:00,btc_mxn,1142660.0,1144310.0,0.144
2024-07-18 01:18:09+00:00,btc_mxn,1142660.0,1144310.0,0.144
2024-07-18 01:18:10+00:00,btc_mxn,1142660.0,1144310.0,0.144
2024-07-18 01:18:11+00:00,btc_mxn,1142660.0,1144310.0,0.144
2024-07-18 01:18:12+00:00,btc_mxn,1142660.0,1144310.0,0.144
2024-07-18 01:18:13+00:00,btc_mxn,1142660.0,1144310.0,0.144
2024-07-18 01:18:14+00:00,btc_mxn,1142660.0,1144310.0,0.144
2024-07-18 01:18:15+00:00,btc_mxn,1142660.0,1144310.0,0.144
2024-07-18 01:18:16+00:00,btc_mxn,1142660.0,1144310.0,0.144
2024-07-18 01:18:17+00:00,btc_mxn,1142660.0,1144310.0,0.144
2024-07-18 01:18:18+00:00,btc_mxn,1142660.0,1144310.0,0.144
2024-07-18 01:18:19+00:00,btc_mxn,1142660.0,1144310.0,0.144
2024-07-18 01:18:20+00:00,btc_mxn,1142660.0,1144310.0,0.144
2024-07-18 01:18:21+00:00,btc_mxn,1142660.0,1144310.0,0.144
2024-07-18 01:18:22+00:00,btc_mxn,1142660.0,1144310.0,0.144
2024-07-18 01:18:23+00:00,btc_mxn,1142660.0,1144310.0,0.144
2024-07-18 01:18:24+00:00,btc_mxn,1142660.0,1144310.0,0.144
2024-07-18 01:18:25+00:00,btc_mxn,1142660.0,1144310.0,0.144
2024-07-18 01:18:26+00:00,btc_mxn,1142660.0,1144310.0,0.144
2024-07-18 01:18:27+00:00,btc_mxn,1142660.0,1144310.0,0.144
2024-07-18 01:18:28+00:00,btc_mxn,1142660.0,1144310.0,0.144
2024-07-18 01:18:29+00:00,btc_mxn,1142660.0,1144310.0,0.144
2024-07-18 01:18:30+00:00,btc_mxn,1142660.0,1144310.0,0.144
2024-07-18 01:18:31+00:00,btc_mxn,1142660.0,1144310.0,0.144
2024-07-18 01:18:32+00:00,btc_mxn,1142660.0,1144310.0,0.144
2024-07-18 01:18:33+00:00,btc_mxn,1142660.0,1144310.0,0.144
2024-07-18 01:18:34+00:00,btc_mxn,1142660.0,1144310.0,0.144
2024-07-18 01:18:35+00:00,btc_mxn,1142660.0,1144310.0,0.144
2024-07-18 01:18:36+00:00,btc_mxn,1142660.0,1144310.0,0.144
2024-07-18 01:18:37+00:00,btc_mxn,1142660.0,1144310.0,0.144
2024-07-18 01:18:38+00:00,btc_mxn,1143010.0,1144310.0,0.114
2024-07-18 01:18:39+00:00,btc_mxn,1143010.0,1144310.0,0.114
2024-07-18 01:18:40+00:00,btc_mxn,1143010.0,1144310.0,0.114
2024-07-18 01:18:41+00:00,btc_mxn,1143010.0,1144310.0,0.114
2024-07-18 01:18:42+00:00,btc_mxn,1143010.0,1144310.0,0.114
2024-07-18 01:18:43+00:00,btc_mxn,1143010.0,1144310.0,0.114
2024-07-18 01:18:44+00:00,btc_mxn,1143010.0,1144310.0,0.114
2024-07-18 01:18:45+00:00,btc_mxn,1143010.0,1144310.0,0.114
2024-07-18 01:18:46+00:00,btc_mxn,1143010.0,1144310.0,0.114
2024-07-18 01:18:47+00:00,btc_mxn,1143010.0,1144310.0,0.114
2024-07-18 01:18:48+00:00,btc_mxn,1143010.0,1144310.0,0.114
2024-07-18 01:18:49+00:00,btc_mxn,1143010.0,1144310.0,0.114
2024-07-18 01:18:50+00:00,btc_mxn,1143010.0,1144310.0,0.114
2024-07-18 01:18:51+00:00,btc_mxn,1143010.0,1144310.0,0.114
2024-07-18 01:18:52+00:00,btc_mxn,1143010.0,1144310.0,0.114
2024-07-18 01:18:53+00:00,btc_mxn,1143010.0,1144310.0,0.114
2024-07-18 01:18:54+00:00,btc_mxn,1143010.0,1144310.0,0.114
2024-07-18 01:18:55+00:00,btc_mxn,1143010.0,1144310.0,0.114
2024-07-18 01:18:56+00:00,btc_mxn,1143010.0,1144310.0,0.114
2024-07-18 01:18:57+00:00,btc_mxn,1143060.0,1144310.0,0.109
2024-07-18 01:18:58+00:00,btc_mxn,1143060.0,1144310.0,0.109
2024-07-18 01:18:59+00:00,btc_mxn,1143070.0,1144310.0,0.108
2024-07-18 01:19:00+00:00,btc_mxn,1143070.0,1144310.0,0.108
2024-07-18 01:19:01+00:00,btc_mxn,1143070.0,1144310.0,0.108
2024-07-18 01:19:03+00:00,btc_mxn,1143070.0,1144310.0,0.108
2024-07-18 01:19:03+00:00,btc_mxn,1143070.0,1144310.0,0.108
2024-07-18 01:19:04+00:00,btc_mxn,1143070.0,1144310.0,0.108
2024-07-18 01:19:06+00:00,btc_mxn,1143070.0,1144310.0,0.108
2024-07-18 01:19:07+00:00,btc_mxn,1143070.0,1144310.0,0.108
2024-07-18 01:19:08+00:00,btc_mxn,1143070.0,1144310.0,0.108
2024-07-18 01:19:09+00:00,btc_mxn,1143070.0,1144310.0,0.108
2024-07-18 01:19:10+00:00,btc_mxn,1143070.0,1144310.0,0.108
2024-07-18 01:19:11+00:00,btc_mxn,1143070.0,1144310.0,0.108
2024-07-18 01:19:12+00:00,btc_mxn,1143070.0,1144310.0,0.108
2024-07-18 01:19:13+00:00,btc_mxn,1143070.0,1144310.0,0.108
2024-07-18 01:19:14+00:00,btc_mxn,1143070.0,1144310.0,0.108
2024-07-18 01:19:15+00:00,btc_mxn,1143070.0,1144310.0,0.108
2024-07-18 01:19:16+00:00,btc_mxn,1143070.0,1144310.0,0.108
2024-07-18 01:19:17+00:00,btc_mxn,1143070.0,1144310.0,0.108
2024-07-18 01:19:18+00:00,btc_mxn,1143070.0,1144310.0,0.108
2024-07-18 01:19:19+00:00,btc_mxn,1143070.0,1144310.0,0.108
2024-07-18 01:19:20+00:00,btc_mxn,1143070.0,1144310.0,0.108
2024-07-18 01:19:21+00:00,btc_mxn,1143070.0,1144310.0,0.108
2024-07-18 01:19:22+00:00,btc_mxn,1143070.0,1144310.0,0.108
2024-07-18 01:19:23+00:00,btc_mxn,1143070.0,1144310.0,0.108
2024-07-18 01:19:24+00:00,btc_mxn,1143070.0,1144310.0,0.108
2024-07-18 01:19:25+00:00,btc_mxn,1143070.0,1144310.0,0.108
2024-07-18 01:19:26+00:00,btc_mxn,1143070.0,1144310.0,0.108
2024-07-18 01:19:27+00:00,btc_mxn,1143070.0,1144310.0,0.108
2024-07-18 01:19:28+00:00,btc_mxn,1143070.0,1144310.0,0.108
2024-07-18 01:19:29+00:00,btc_mxn,1143070.0,1144310.0,0.108
2024-07-18 01:19:30+00:00,btc_mxn,1143070.0,1144310.0,0.108
2024-07-18 01:19:31+00:00,btc_mxn,1143070.0,1144310.0,0.108
2024-07-18 01:19:32+00:00,btc_mxn,1143070.0,1144310.0,0.108
2024-07-18 01:19:33+00:00,btc_mxn,1143070.0,1144310.0,0.108
2024-07-18 01:19:34+00:00,btc_mxn,1143070.0,1144310.0,0.108
2024-07-18 01:19:35+00:00,btc_mxn,1143070.0,1144310.0,0.108
2024-07-18 01:19:36+00:00,btc_mxn,1143070.0,1144310.0,0.108
2024-07-18 01:19:37+00:00,btc_mxn,1143070.0,1144310.0,0.108
2024-07-18 01:19:38+00:00,btc_mxn,1143070.0,1144310.0,0.108
2024-07-18 01:19:39+00:00,btc_mxn,1143070.0,1144310.0,0.108
2024-07-18 01:19:40+00:00,btc_mxn,1143360.0,1144310.0,0.083
2024-07-18 01:19:41+00:00,btc_mxn,1143360.0,1144310.0,0.083
2024-07-18 01:19:42+00:00,btc_mxn,1143360.0,1144310.0,0.083
2024-07-18 01:19:43+00:00,btc_mxn,1143360.0,1144310.0,0.083
2024-07-18 01:19:44+00:00,btc_mxn,1143360.0,1144310.0,0.083
2024-07-18 01:19:45+00:00,btc_mxn,1143360.0,1144310.0,0.083
2024-07-18 01:19:46+00:00,btc_mxn,1143360.0,1144310.0,0.083
2024-07-18 01:19:47+00:00,btc_mxn,1143360.0,1144310.0,0.083
2024-07-18 01:19:48+00:00,btc_mxn,1143360.0,1144310.0,0.083
2024-07-18 01:19:49+00:00,btc_mxn,1143360.0,1144310.0,0.083
2024-07-18 01:19:51+00:00,btc_mxn,1143360.0,1144310.0,0.083
2024-07-18 01:19:51+00:00,btc_mxn,1143360.0,1144310.0,0.083
2024-07-18 01:19:52+00:00,btc_mxn,1143360.0,1144310.0,0.083
2024-07-18 01:19:53+00:00,btc_mxn,1143360.0,1144310.0,0.083
2024-07-18 01:19:54+00:00,btc_mxn,1143360.0,1144310.0,0.083
2024-07-18 01:19:55+00:00,btc_mxn,1143360.0,1144310.0,0.083
2024-07-18 01:19:56+00:00,btc_mxn,1143360.0,1144310.0,0.083
2024-07-18 01:19:57+00:00,btc_mxn,1143360.0,1144310.0,0.083
2024-07-18 01:19:58+00:00,btc_mxn,1143360.0,1144310.0,0.083
2024-07-18 01:19:59+00:00,btc_mxn,1143360.0,1144310.0,0.083
2024-07-18 01:20:00+00:00,btc_mxn,1143360.0,1144310.0,0.083
2024-07-18 01:20:01+00:00,btc_mxn,1143360.0,1144310.0,0.083
2024-07-18 01:20:02+00:00,btc_mxn,1143360.0,1144310.0,0.083
2024-07-18 01:20:03+00:00,btc_mxn,1143360.0,1144310.0,0.083
2024-07-18 01:20:04+00:00,btc_mxn,1143360.0,1144310.0,0.083
2024-07-18 01:20:05+00:00,btc_mxn,1143360.0,1144310.0,0.083
2024-07-18 01:20:06+00:00,btc_mxn,1143360.0,1144310.0,0.083
2024-07-18 01:20:07+00:00,btc_mxn,1143360.0,1144310.0,0.083
2024-07-18 01:20:08+00:00,btc_mxn,1143360.0,1144310.0,0.083
2024-07-18 01:20:09+00:00,btc_mxn,1143360.0,1144310.0,0.083
2024-07-18 01:20:10+00:00,btc_mxn,1143360.0,1144310.0,0.083
2024-07-18 01:20:11+00:00,btc_mxn,1143360.0,1144310.0,0.083
2024-07-18 01:20:12+00:00,btc_mxn,1143360.0,1144310.0,0.083
2024-07-18 01:20:13+00:00,btc_mxn,1143360.0,1144310.0,0.083
2024-07-18 01:20:14+00:00,btc_mxn,1143360.0,1144310.0,0.083
2024-07-18 01:20:15+00:00,btc_mxn,1143360.0,1144310.0,0.083
2024-07-18 01:20:16+00:00,btc_mxn,1143360.0,1144310.0,0.083
2024-07-18 01:20:17+00:00,btc_mxn,1143360.0,1144310.0,0.083
2024-07-18 01:20:19+00:00,btc_mxn,1143360.0,1144310.0,0.083
2024-07-18 01:20:20+00:00,btc_mxn,1143360.0,1144310.0,0.083
2024-07-18 01:20:21+00:00,btc_mxn,1143360.0,1144310.0,0.083
2024-07-18 01:20:22+00:00,btc_mxn,1143360.0,1144310.0,0.083
2024-07-18 01:20:23+00:00,btc_mxn,1143360.0,1144310.0,0.083
2024-07-18 01:20:24+00:00,btc_mxn,1143360.0,1144310.0,0.083
2024-07-18 01:20:25+00:00,btc_mxn,1143360.0,1144310.0,0.083
2024-07-18 01:20:26+00:00,btc_mxn,1143360.0,1144310.0,0.083
2024-07-18 01:20:27+00:00,btc_mxn,1143360.0,1144310.0,0.083
2024-07-18 01:20:28+00:00,btc_mxn,1143360.0,1144310.0,0.083
2024-07-18 01:20:29+00:00,btc_mxn,1143360.0,1144310.0,0.083
2024-07-18 01:20:30+00:00,btc_mxn,1143360.0,1144310.0,0.083
2024-07-18 01:20:31+00:00,btc_mxn,1143360.0,1144310.0,0.083
2024-07-18 01:20:32+00:00,btc_mxn,1143360.0,1144310.0,0.083
2024-07-18 01:20:33+00:00,btc_mxn,1143360.0,1144310.0,0.083
2024-07-18 01:20:34+00:00,btc_mxn,1143360.0,1144310.0,0.083
2024-07-18 01:20:35+00:00,btc_mxn,1143360.0,1144310.0,0.083
2024-07-18 01:20:36+00:00,btc_mxn,1143360.0,1144310.0,0.083
2024-07-18 01:20:37+00:00,btc_mxn,1143360.0,1144310.0,0.083
2024-07-18 01:20:38+00:00,btc_mxn,1143360.0,1144310.0,0.083
2024-07-18 01:20:39+00:00,btc_mxn,1143360.0,1144310.0,0.083
2024-07-18 01:20:40+00:00,btc_mxn,1143360.0,1144310.0,0.083
2024-07-18 01:20:41+00:00,btc_mxn,1143360.0,1144310.0,0.083
2024-07-18 01:20:42+00:00,btc_mxn,1143360.0,1144310.0,0.083
2024-07-18 01:20:43+00:00,btc_mxn,1143360.0,1144310.0,0.083
2024-07-18 01:20:44+00:00,btc_mxn,1142879.98,1142880.02,0.0
2024-07-18 01:20:45+00:00,btc_mxn,1142879.98,1142880.02,0.0
2024-07-18 01:20:46+00:00,btc_mxn,1142879.98,1142880.02,0.0
2024-07-18 01:20:47+00:00,btc_mxn,1142879.98,1142880.02,0.0
2024-07-18 01:20:48+00:00,btc_mxn,1142879.98,1142880.02,0.0
2024-07-18 01:20:49+00:00,btc_mxn,1142879.98,1142880.02,0.0
2024-07-18 01:20:50+00:00,btc_mxn,1142879.98,1142880.02,0.0
2024-07-18 01:20:51+00:00,btc_mxn,1142879.98,1142880.02,0.0
2024-07-18 01:20:52+00:00,btc_mxn,1142879.98,1142880.02,0.0
2024-07-18 01:20:53+00:00,btc_mxn,1142879.98,1142880.02,0.0
2024-07-18 01:20:54+00:00,btc_mxn,1142879.98,1142880.02,0.0
2024-07-18 01:20:55+00:00,btc_mxn,1142879.98,1142880.02,0.0
2024-07-18 01:20:56+00:00,btc_mxn,1142879.98,1142880.02,0.0
2024-07-18 01:20:57+00:00,btc_mxn,1142879.98,1142880.02,0.0
2024-07-18 01:20:58+00:00,btc_mxn,1142879.98,1142880.02,0.0
2024-07-18 01:20:59+00:00,btc_mxn,1142879.98,1142880.02,0.0
2024-07-18 01:21:00+00:00,btc_mxn,1142879.98,1142880.02,0.0
2024-07-18 01:21:01+00:00,btc_mxn,1142879.98,1142880.02,0.0
2024-07-18 01:21:02+00:00,btc_mxn,1142879.98,1142880.02,0.0
2024-07-18 01:21:03+00:00,btc_mxn,1142879.98,1142880.02,0.0
2024-07-18 01:21:04+00:00,btc_mxn,1142879.98,1142880.02,0.0
2024-07-18 01:21:05+00:00,btc_mxn,1142879.98,1142880.02,0.0
2024-07-18 01:21:06+00:00,btc_mxn,1142879.98,1142880.02,0.0
2024-07-18 01:21:07+00:00,btc_mxn,1142879.98,1142880.02,0.0
2024-07-18 01:21:08+00:00,btc_mxn,1142879.98,1142880.02,0.0
2024-07-18 01:21:09+00:00,btc_mxn,1142879.98,1142880.02,0.0
2024-07-18 01:21:10+00:00,btc_mxn,1142879.98,1142880.02,0.0
2024-07-18 01:21:11+00:00,btc_mxn,1142879.98,1142880.02,0.0
2024-07-18 01:21:12+00:00,btc_mxn,1142879.98,1142880.02,0.0
2024-07-18 01:21:13+00:00,btc_mxn,1142879.98,1142880.02,0.0
2024-07-18 01:21:15+00:00,btc_mxn,1142879.98,1142880.02,0.0
2024-07-18 01:21:15+00:00,btc_mxn,1142879.98,1142880.02,0.0
2024-07-18 01:21:16+00:00,btc_mxn,1142879.98,1142880.02,0.0
2024-07-18 01:21:17+00:00,btc_mxn,1142879.98,1142880.02,0.0
2024-07-18 01:21:18+00:00,btc_mxn,1142879.98,1142880.02,0.0
2024-07-18 01:21:19+00:00,btc_mxn,1142879.98,1142880.02,0.0
2024-07-18 01:21:20+00:00,btc_mxn,1142879.98,1142880.02,0.0
2024-07-18 01:21:21+00:00,btc_mxn,1142879.98,1142880.02,0.0
2024-07-18 01:21:22+00:00,btc_mxn,1142879.98,1142880.02,0.0
2024-07-18 01:21:24+00:00,btc_mxn,1142879.98,1142880.02,0.0
2024-07-18 01:21:25+00:00,btc_mxn,1142879.98,1142880.02,0.0
2024-07-18 01:21:25+00:00,btc_mxn,1142879.98,1142880.02,0.0
2024-07-18 01:21:27+00:00,btc_mxn,1142879.98,1142880.02,0.0
2024-07-18 01:21:28+00:00,btc_mxn,1142879.98,1142880.02,0.0
2024-07-18 01:21:29+00:00,btc_mxn,1142879.98,1142880.02,0.0
2024-07-18 01:21:30+00:00,btc_mxn,1142879.98,1142880.02,0.0
2024-07-18 01:21:31+00:00,btc_mxn,1142879.98,1142880.02,0.0
2024-07-18 01:21:32+00:00,btc_mxn,1142879.98,1142880.02,0.0
2024-07-18 01:21:33+00:00,btc_mxn,1142879.98,1142880.02,0.0
2024-07-18 01:21:34+00:00,btc_mxn,1142879.98,1142880.02,0.0
2024-07-18 02:42:26+00:00,btc_mxn,1143909.98,1143910.02,0.0
2024-07-18 02:42:27+00:00,btc_mxn,1143909.98,1143910.02,0.0
2024-07-18 02:42:28+00:00,btc_mxn,1143909.98,1143910.02,0.0
2024-07-18 02:42:29+00:00,btc_mxn,1143909.98,1143910.02,0.0
2024-07-18 02:42:30+00:00,btc_mxn,1143909.98,1143910.02,0.0
2024-07-18 02:42:32+00:00,btc_mxn,1143909.98,1143910.02,0.0
2024-07-18 02:42:33+00:00,btc_mxn,1143909.98,1143910.02,0.0
2024-07-18 02:42:33+00:00,btc_mxn,1143909.98,1143910.02,0.0
2024-07-18 02:42:35+00:00,btc_mxn,1143909.98,1143910.02,0.0
2024-07-18 02:42:36+00:00,btc_mxn,1143909.98,1143910.02,0.0
2024-07-18 02:42:37+00:00,btc_mxn,1143909.98,1143910.02,0.0
2024-07-18 02:42:38+00:00,btc_mxn,1143909.98,1143910.02,0.0
2024-07-18 02:42:39+00:00,btc_mxn,1143909.98,1143910.02,0.0
2024-07-18 02:42:40+00:00,btc_mxn,1143909.98,1143910.02,0.0
2024-07-18 02:42:41+00:00,btc_mxn,1143909.98,1143910.02,0.0
2024-07-18 02:42:42+00:00,btc_mxn,1143909.98,1143910.02,0.0
2024-07-18 02:42:43+00:00,btc_mxn,1143909.98,1143910.02,0.0
2024-07-18 02:42:44+00:00,btc_mxn,1143909.98,1143910.02,0.0
2024-07-18 02:42:45+00:00,btc_mxn,1143909.98,1143910.02,0.0
2024-07-18 02:42:46+00:00,btc_mxn,1143909.98,1143910.02,0.0
2024-07-18 02:42:47+00:00,btc_mxn,1143909.98,1143910.02,0.0
2024-07-18 02:42:48+00:00,btc_mxn,1143909.98,1143910.02,0.0
2024-07-18 02:42:49+00:00,btc_mxn,1143909.98,1143910.02,0.0
2024-07-18 02:42:50+00:00,btc_mxn,1143909.98,1143910.02,0.0
2024-07-18 02:42:51+00:00,btc_mxn,1143909.98,1143910.02,0.0
2024-07-18 02:42:52+00:00,btc_mxn,1143909.98,1143910.02,0.0
2024-07-18 02:42:53+00:00,btc_mxn,1143909.98,1143910.02,0.0
2024-07-18 02:42:54+00:00,btc_mxn,1143909.98,1143910.02,0.0
2024-07-18 02:42:55+00:00,btc_mxn,1143909.98,1143910.02,0.0
2024-07-18 02:42:56+00:00,btc_mxn,1143909.98,1143910.02,0.0
2024-07-18 02:42:57+00:00,btc_mxn,1143909.98,1143910.02,0.0
2024-07-18 02:42:58+00:00,btc_mxn,1144520.0,1145900.0,0.12
2024-07-18 02:42:59+00:00,btc_mxn,1144520.0,1145900.0,0.12
2024-07-18 02:43:00+00:00,btc_mxn,1144520.0,1145900.0,0.12
2024-07-18 02:43:01+00:00,btc_mxn,1144520.0,1145900.0,0.12
2024-07-18 02:43:02+00:00,btc_mxn,1144520.0,1145900.0,0.12
2024-07-18 02:43:03+00:00,btc_mxn,1144520.0,1145900.0,0.12
2024-07-18 02:43:04+00:00,btc_mxn,1144520.0,1145900.0,0.12
2024-07-18 02:43:05+00:00,btc_mxn,1144520.0,1145900.0,0.12
2024-07-18 02:43:06+00:00,btc_mxn,1144520.0,1145900.0,0.12
2024-07-18 02:43:07+00:00,btc_mxn,1144520.0,1145900.0,0.12
2024-07-18 02:43:08+00:00,btc_mxn,1144520.0,1145900.0,0.12
2024-07-18 02:43:09+00:00,btc_mxn,1144520.0,1145900.0,0.12
2024-07-18 02:43:10+00:00,btc_mxn,1144520.0,1145900.0,0.12
2024-07-18 02:43:11+00:00,btc_mxn,1144520.0,1145900.0,0.12
2024-07-18 02:43:12+00:00,btc_mxn,1144520.0,1145900.0,0.12
2024-07-18 02:43:13+00:00,btc_mxn,1144520.0,1145900.0,0.12
2024-07-18 02:43:14+00:00,btc_mxn,1144520.0,1145900.0,0.12
2024-07-18 02:43:15+00:00,btc_mxn,1144520.0,1145900.0,0.12
2024-07-18 02:43:16+00:00,btc_mxn,1144520.0,1145900.0,0.12
2024-07-18 02:43:17+00:00,btc_mxn,1144520.0,1145900.0,0.12
2024-07-18 02:43:18+00:00,btc_mxn,1144520.0,1145900.0,0.12
2024-07-18 02:43:19+00:00,btc_mxn,1144520.0,1145900.0,0.12
2024-07-18 02:43:20+00:00,btc_mxn,1144520.0,1145900.0,0.12
2024-07-18 02:43:22+00:00,btc_mxn,1144520.0,1145900.0,0.12
2024-07-18 02:43:23+00:00,btc_mxn,1144520.0,1145900.0,0.12
2024-07-18 02:43:24+00:00,btc_mxn,1144520.0,1145900.0,0.12
2024-07-18 02:43:25+00:00,btc_mxn,1144520.0,1145900.0,0.12
2024-07-18 02:43:26+00:00,btc_mxn,1144520.0,1145900.0,0.12
2024-07-18 02:43:27+00:00,btc_mxn,1144520.0,1145900.0,0.12
2024-07-18 02:43:28+00:00,btc_mxn,1144520.0,1145900.0,0.12
2024-07-18 02:43:29+00:00,btc_mxn,1144520.0,1145900.0,0.12
2024-07-18 02:43:30+00:00,btc_mxn,1144520.0,1145900.0,0.12
2024-07-18 02:43:31+00:00,btc_mxn,1144520.0,1145900.0,0.12
2024-07-18 02:43:32+00:00,btc_mxn,1144520.0,1145900.0,0.12
2024-07-18 02:43:33+00:00,btc_mxn,1144520.0,1145900.0,0.12
2024-07-18 02:43:34+00:00,btc_mxn,1144520.0,1145900.0,0.12
2024-07-18 02:43:35+00:00,btc_mxn,1144520.0,1145900.0,0.12
2024-07-18 02:43:36+00:00,btc_mxn,1144520.0,1145900.0,0.12
2024-07-18 02:43:37+00:00,btc_mxn,1144520.0,1145900.0,0.12
2024-07-18 02:43:38+00:00,btc_mxn,1144520.0,1145900.0,0.12
2024-07-18 02:43:39+00:00,btc_mxn,1144520.0,1145900.0,0.12
2024-07-18 02:43:40+00:00,btc_mxn,1144520.0,1145900.0,0.12
2024-07-18 02:43:41+00:00,btc_mxn,1144520.0,1145900.0,0.12
2024-07-18 02:43:42+00:00,btc_mxn,1144520.0,1145900.0,0.12
2024-07-18 02:43:43+00:00,btc_mxn,1144520.0,1145900.0,0.12
2024-07-18 02:43:44+00:00,btc_mxn,1144520.0,1145900.0,0.12
2024-07-18 02:43:45+00:00,btc_mxn,1144520.0,1145900.0,0.12
2024-07-18 02:43:46+00:00,btc_mxn,1144520.0,1145900.0,0.12
2024-07-18 02:43:47+00:00,btc_mxn,1144520.0,1145900.0,0.12
2024-07-18 02:43:48+00:00,btc_mxn,1144520.0,1145900.0,0.12
2024-07-18 02:43:49+00:00,btc_mxn,1144520.0,1145900.0,0.12
2024-07-18 02:43:50+00:00,btc_mxn,1144520.0,1145900.0,0.12
2024-07-18 02:43:51+00:00,btc_mxn,1144520.0,1145900.0,0.12
2024-07-18 02:43:52+00:00,btc_mxn,1144520.0,1145900.0,0.12
2024-07-18 02:43:53+00:00,btc_mxn,1144520.0,1145900.0,0.12
2024-07-18 02:43:54+00:00,btc_mxn,1144520.0,1145900.0,0.12
2024-07-18 02:43:55+00:00,btc_mxn,1144520.0,1145900.0,0.12
2024-07-18 02:43:56+00:00,btc_mxn,1144520.0,1145900.0,0.12
2024-07-18 02:43:57+00:00,btc_mxn,1144520.0,1145900.0,0.12
2024-07-18 02:43:58+00:00,btc_mxn,1144520.0,1145900.0,0.12
2024-07-18 02:43:59+00:00,btc_mxn,1144520.0,1145900.0,0.12
2024-07-18 02:44:00+00:00,btc_mxn,1144520.0,1145900.0,0.12
2024-07-18 02:44:01+00:00,btc_mxn,1144520.0,1145900.0,0.12
2024-07-18 02:44:02+00:00,btc_mxn,1144520.0,1145900.0,0.12
2024-07-18 02:44:03+00:00,btc_mxn,1144520.0,1145900.0,0.12
2024-07-18 02:44:04+00:00,btc_mxn,1144520.0,1145900.0,0.12
2024-07-18 02:44:05+00:00,btc_mxn,1144520.0,1145900.0,0.12
2024-07-18 02:44:06+00:00,btc_mxn,1144520.0,1145900.0,0.12
2024-07-18 02:44:07+00:00,btc_mxn,1144520.0,1145900.0,0.12
2024-07-18 02:44:08+00:00,btc_mxn,1144520.0,1145900.0,0.12
2024-07-18 02:44:09+00:00,btc_mxn,1144520.0,1145900.0,0.12
2024-07-18 02:44:10+00:00,btc_mxn,1144520.0,1145900.0,0.12
2024-07-18 02:44:11+00:00,btc_mxn,1144520.0,1145900.0,0.12
2024-07-18 02:44:12+00:00,btc_mxn,1144520.0,1145900.0,0.12
2024-07-18 02:44:13+00:00,btc_mxn,1144520.0,1145900.0,0.12
2024-07-18 02:44:14+00:00,btc_mxn,1144520.0,1145900.0,0.12
2024-07-18 02:44:15+00:00,btc_mxn,1144520.0,1145900.0,0.12
2024-07-18 02:44:16+00:00,btc_mxn,1144520.0,1145900.0,0.12
2024-07-18 02:44:17+00:00,btc_mxn,1144520.0,1145900.0,0.12
2024-07-18 02:44:18+00:00,btc_mxn,1144520.0,1145900.0,0.12
2024-07-18 02:44:19+00:00,btc_mxn,1144520.0,1145900.0,0.12
2024-07-18 02:44:20+00:00,btc_mxn,1144520.0,1145900.0,0.12
2024-07-18 02:44:21+00:00,btc_mxn,1144520.0,1145900.0,0.12
2024-07-18 02:44:22+00:00,btc_mxn,1144520.0,1145900.0,0.12
2024-07-18 02:44:24+00:00,btc_mxn,1144520.0,1145900.0,0.12
2024-07-18 02:44:25+00:00,btc_mxn,1144520.0,1145900.0,0.12
2024-07-18 02:44:25+00:00,btc_mxn,1144520.0,1145900.0,0.12
2024-07-18 02:44:27+00:00,btc_mxn,1144520.0,1145900.0,0.12
2024-07-18 02:44:28+00:00,btc_mxn,1144520.0,1145900.0,0.12
2024-07-18 02:44:29+00:00,btc_mxn,1144520.0,1145900.0,0.12
2024-07-18 02:44:30+00:00,btc_mxn,1144520.0,1145900.0,0.12
2024-07-18 02:44:31+00:00,btc_mxn,1144520.0,1145900.0,0.12
2024-07-18 02:44:32+00:00,btc_mxn,1144520.0,1145900.0,0.12
2024-07-18 02:44:33+00:00,btc_mxn,1144520.0,1145900.0,0.12
2024-07-18 02:44:34+00:00,btc_mxn,1144520.0,1145900.0,0.12
2024-07-18 02:44:35+00:00,btc_mxn,1144520.0,1145900.0,0.12
2024-07-18 02:44:36+00:00,btc_mxn,1144520.0,1145900.0,0.12
2024-07-18 02:44:37+00:00,btc_mxn,1144520.0,1145900.0,0.12
2024-07-18 02:44:38+00:00,btc_mxn,1144520.0,1145900.0,0.12
2024-07-18 02:44:39+00:00,btc_mxn,1144520.0,1145900.0,0.12
2024-07-18 02:44:40+00:00,btc_mxn,1144520.0,1145900.0,0.12
2024-07-18 02:44:41+00:00,btc_mxn,1144580.0,1145900.0,0.115
2024-07-18 02:44:42+00:00,btc_mxn,1144580.0,1145900.0,0.115
2024-07-18 02:44:43+00:00,btc_mxn,1144580.0,1145900.0,0.115
2024-07-18 02:44:44+00:00,btc_mxn,1144580.0,1145900.0,0.115
2024-07-18 02:44:45+00:00,btc_mxn,1144580.0,1145900.0,0.115
2024-07-18 02:44:46+00:00,btc_mxn,1144580.0,1145900.0,0.115
2024-07-18 02:44:47+00:00,btc_mxn,1144580.0,1145900.0,0.115
2024-07-18 02:44:48+00:00,btc_mxn,1144580.0,1145900.0,0.115
2024-07-18 02:44:49+00:00,btc_mxn,1144600.0,1145900.0,0.113
2024-07-18 02:44:50+00:00,btc_mxn,1144600.0,1145900.0,0.113
2024-07-18 02:44:51+00:00,btc_mxn,1144600.0,1145900.0,0.113
2024-07-18 02:44:52+00:00,btc_mxn,1144600.0,1145900.0,0.113
2024-07-18 02:44:53+00:00,btc_mxn,1144600.0,1145900.0,0.113
2024-07-18 02:44:54+00:00,btc_mxn,1144600.0,1145900.0,0.113
2024-07-18 02:44:55+00:00,btc_mxn,1144600.0,1145900.0,0.113
2024-07-18 02:44:56+00:00,btc_mxn,1144600.0,1145900.0,0.113
2024-07-18 02:44:57+00:00,btc_mxn,1144600.0,1145900.0,0.113
2024-07-18 02:44:58+00:00,btc_mxn,1144600.0,1145900.0,0.113
2024-07-18 02:44:59+00:00,btc_mxn,1144600.0,1145900.0,0.113
2024-07-18 02:45:00+00:00,btc_mxn,1144600.0,1145900.0,0.113
2024-07-18 02:45:01+00:00,btc_mxn,1144600.0,1145900.0,0.113
2024-07-18 02:45:02+00:00,btc_mxn,1144600.0,1145900.0,0.113
2024-07-18 02:45:03+00:00,btc_mxn,1144600.0,1145900.0,0.113
2024-07-18 02:45:04+00:00,btc_mxn,1144600.0,1145900.0,0.113
2024-07-18 02:45:05+00:00,btc_mxn,1144600.0,1145900.0,0.113
2024-07-18 02:45:06+00:00,btc_mxn,1144600.0,1145900.0,0.113
2024-07-18 02:45:07+00:00,btc_mxn,1144600.0,1145900.0,0.113
2024-07-18 02:45:08+00:00,btc_mxn,1144600.0,1145900.0,0.113
2024-07-18 02:45:09+00:00,btc_mxn,1144600.0,1145900.0,0.113
2024-07-18 02:45:10+00:00,btc_mxn,1144600.0,1145900.0,0.113
2024-07-18 02:45:11+00:00,btc_mxn,1144600.0,1145900.0,0.113
2024-07-18 02:45:12+00:00,btc_mxn,1144600.0,1145900.0,0.113
2024-07-18 02:45:13+00:00,btc_mxn,1144600.0,1145900.0,0.113
2024-07-18 02:45:14+00:00,btc_mxn,1144600.0,1145900.0,0.113
2024-07-18 02:45:15+00:00,btc_mxn,1144600.0,1145900.0,0.113
2024-07-18 02:45:16+00:00,btc_mxn,1144600.0,1145900.0,0.113
2024-07-18 02:45:17+00:00,btc_mxn,1144600.0,1145900.0,0.113
2024-07-18 02:45:18+00:00,btc_mxn,1144600.0,1145900.0,0.113
2024-07-18 02:45:19+00:00,btc_mxn,1144600.0,1145900.0,0.113
2024-07-18 02:45:20+00:00,btc_mxn,1144600.0,1145900.0,0.113
2024-07-18 02:45:21+00:00,btc_mxn,1144600.0,1145900.0,0.113
2024-07-18 02:45:22+00:00,btc_mxn,1144600.0,1145900.0,0.113
2024-07-18 02:45:23+00:00,btc_mxn,1144600.0,1145900.0,0.113
2024-07-18 02:45:24+00:00,btc_mxn,1144600.0,1145900.0,0.113
2024-07-18 02:45:25+00:00,btc_mxn,1144600.0,1145900.0,0.113
2024-07-18 02:45:26+00:00,btc_mxn,1144600.0,1145900.0,0.113
2024-07-18 02:45:27+00:00,btc_mxn,1144600.0,1145900.0,0.113
2024-07-18 02:45:29+00:00,btc_mxn,1144600.0,1145900.0,0.113
2024-07-18 02:45:30+00:00,btc_mxn,1144600.0,1145900.0,0.113
2024-07-18 02:45:31+00:00,btc_mxn,1144600.0,1145900.0,0.113
2024-07-18 02:45:32+00:00,btc_mxn,1144600.0,1145900.0,0.113
2024-07-18 02:45:33+00:00,btc_mxn,1144600.0,1145900.0,0.113
2024-07-18 02:45:34+00:00,btc_mxn,1144600.0,1145900.0,0.113
2024-07-18 02:45:35+00:00,btc_mxn,1144600.0,1145900.0,0.113
2024-07-18 02:45:36+00:00,btc_mxn,1144600.0,1145900.0,0.113
2024-07-18 02:45:37+00:00,btc_mxn,1144600.0,1145900.0,0.113
2024-07-18 02:45:38+00:00,btc_mxn,1144600.0,1145900.0,0.113
2024-07-18 02:45:39+00:00,btc_mxn,1144600.0,1145900.0,0.113
2024-07-18 02:45:40+00:00,btc_mxn,1144600.0,1145900.0,0.113
2024-07-18 02:45:41+00:00,btc_mxn,1144600.0,1145900.0,0.113
2024-07-18 02:45:42+00:00,btc_mxn,1144600.0,1145900.0,0.113
2024-07-18 02:45:43+00:00,btc_mxn,1144600.0,1145900.0,0.113
2024-07-18 02:45:44+00:00,btc_mxn,1144869.98,1144870.02,0.0
2024-07-18 02:45:45+00:00,btc_mxn,1144869.98,1144870.02,0.0
2024-07-18 02:45:46+00:00,btc_mxn,1144869.98,1144870.02,0.0
2024-07-18 02:45:47+00:00,btc_mxn,1144869.98,1144870.02,0.0
2024-07-18 02:45:48+00:00,btc_mxn,1144869.98,1144870.02,0.0
2024-07-18 02:45:49+00:00,btc_mxn,1144869.98,1144870.02,0.0
2024-07-18 02:45:50+00:00,btc_mxn,1144869.98,1144870.02,0.0
2024-07-18 02:45:51+00:00,btc_mxn,1144869.98,1144870.02,0.0
2024-07-18 02:45:52+00:00,btc_mxn,1144869.98,1144870.02,0.0
2024-07-18 02:45:53+00:00,btc_mxn,1144869.98,1144870.02,0.0
2024-07-18 02:45:54+00:00,btc_mxn,1144869.98,1144870.02,0.0
2024-07-18 02:45:55+00:00,btc_mxn,1144869.98,1144870.02,0.0
2024-07-18 02:45:56+00:00,btc_mxn,1144869.98,1144870.02,0.0
2024-07-18 02:45:57+00:00,btc_mxn,1144869.98,1144870.02,0.0
2024-07-18 02:45:58+00:00,btc_mxn,1144869.98,1144870.02,0.0
2024-07-18 02:45:59+00:00,btc_mxn,1144869.98,1144870.02,0.0
2024-07-18 02:46:00+00:00,btc_mxn,1144869.98,1144870.02,0.0
2024-07-18 02:46:01+00:00,btc_mxn,1144869.98,1144870.02,0.0
2024-07-18 02:46:02+00:00,btc_mxn,1144869.98,1144870.02,0.0
2024-07-18 02:46:03+00:00,btc_mxn,1144869.98,1144870.02,0.0
2024-07-18 02:46:04+00:00,btc_mxn,1144869.98,1144870.02,0.0
2024-07-18 02:46:05+00:00,btc_mxn,1144869.98,1144870.02,0.0
2024-07-18 02:46:06+00:00,btc_mxn,1144869.98,1144870.02,0.0
2024-07-18 02:46:07+00:00,btc_mxn,1144869.98,1144870.02,0.0
2024-07-18 02:46:08+00:00,btc_mxn,1144869.98,1144870.02,0.0
2024-07-18 02:46:09+00:00,btc_mxn,1144869.98,1144870.02,0.0
2024-07-18 02:46:10+00:00,btc_mxn,1144869.98,1144870.02,0.0
2024-07-18 02:46:11+00:00,btc_mxn,1144869.98,1144870.02,0.0
2024-07-18 02:46:12+00:00,btc_mxn,1144869.98,1144870.02,0.0
2024-07-18 02:46:13+00:00,btc_mxn,1144869.98,1144870.02,0.0
2024-07-18 02:46:14+00:00,btc_mxn,1144869.98,1144870.02,0.0
2024-07-18 02:46:15+00:00,btc_mxn,1144869.98,1144870.02,0.0
2024-07-18 02:46:16+00:00,btc_mxn,1144869.98,1144870.02,0.0
2024-07-18 02:46:17+00:00,btc_mxn,1144869.98,1144870.02,0.0
2024-07-18 02:46:18+00:00,btc_mxn,1144869.98,1144870.02,0.0
2024-07-18 02:46:19+00:00,btc_mxn,1144869.98,1144870.02,0.0
2024-07-18 02:46:20+00:00,btc_mxn,1144869.98,1144870.02,0.0
2024-07-18 02:46:21+00:00,btc_mxn,1144869.98,1144870.02,0.0
2024-07-18 02:46:22+00:00,btc_mxn,1144869.98,1144870.02,0.0
2024-07-18 02:46:23+00:00,btc_mxn,1144869.98,1144870.02,0.0
2024-07-18 02:46:24+00:00,btc_mxn,1144869.98,1144870.02,0.0
2024-07-18 02:46:25+00:00,btc_mxn,1144869.98,1144870.02,0.0
2024-07-18 02:46:26+00:00,btc_mxn,1144869.98,1144870.02,0.0
2024-07-18 02:46:27+00:00,btc_mxn,1144869.98,1144870.02,0.0
2024-07-18 02:46:28+00:00,btc_mxn,1144869.98,1144870.02,0.0
2024-07-18 02:46:29+00:00,btc_mxn,1144869.98,1144870.02,0.0
2024-07-18 02:46:30+00:00,btc_mxn,1144869.98,1144870.02,0.0
2024-07-18 02:46:31+00:00,btc_mxn,1144869.98,1144870.02,0.0
2024-07-18 02:46:32+00:00,btc_mxn,1144869.98,1144870.02,0.0
2024-07-18 02:46:33+00:00,btc_mxn,1144869.98,1144870.02,0.0
2024-07-18 02:46:35+00:00,btc_mxn,1144869.98,1144870.02,0.0
2024-07-18 02:46:36+00:00,btc_mxn,1144869.98,1144870.02,0.0
2024-07-18 02:46:37+00:00,btc_mxn,1144869.98,1144870.02,0.0
2024-07-18 02:46:38+00:00,btc_mxn,1144869.98,1144870.02,0.0
2024-07-18 02:46:39+00:00,btc_mxn,1144869.98,1144870.02,0.0
2024-07-18 02:46:40+00:00,btc_mxn,1144869.98,1144870.02,0.0
2024-07-18 02:46:41+00:00,btc_mxn,1144869.98,1144870.02,0.0
2024-07-18 02:46:42+00:00,btc_mxn,1144869.98,1144870.02,0.0
2024-07-18 02:46:43+00:00,btc_mxn,1144869.98,1144870.02,0.0
2024-07-18 02:46:44+00:00,btc_mxn,1144869.98,1144870.02,0.0
2024-07-18 02:46:45+00:00,btc_mxn,1144869.98,1144870.02,0.0
2024-07-18 02:46:46+00:00,btc_mxn,1144869.98,1144870.02,0.0
2024-07-18 02:46:47+00:00,btc_mxn,1144869.98,1144870.02,0.0
2024-07-18 02:46:48+00:00,btc_mxn,1144869.98,1144870.02,0.0
2024-07-18 02:46:49+00:00,btc_mxn,1144869.98,1144870.02,0.0
2024-07-18 02:46:50+00:00,btc_mxn,1144869.98,1144870.02,0.0
2024-07-18 02:46:51+00:00,btc_mxn,1144869.98,1144870.02,0.0
2024-07-18 02:46:52+00:00,btc_mxn,1144869.98,1144870.02,0.0
2024-07-18 02:46:53+00:00,btc_mxn,1144869.98,1144870.02,0.0
2024-07-18 02:46:54+00:00,btc_mxn,1144869.98,1144870.02,0.0
2024-07-18 02:46:55+00:00,btc_mxn,1144869.98,1144870.02,0.0
2024-07-18 02:46:56+00:00,btc_mxn,1144869.98,1144870.02,0.0
2024-07-18 02:46:57+00:00,btc_mxn,1144869.98,1144870.02,0.0
2024-07-18 02:46:58+00:00,btc_mxn,1144869.98,1144870.02,0.0
2024-07-18 02:46:59+00:00,btc_mxn,1144869.98,1144870.02,0.0
2024-07-18 02:47:00+00:00,btc_mxn,1144869.98,1144870.02,0.0
2024-07-18 02:47:01+00:00,btc_mxn,1144869.98,1144870.02,0.0
2024-07-18 02:47:02+00:00,btc_mxn,1144869.98,1144870.02,0.0
2024-07-18 02:47:03+00:00,btc_mxn,1144869.98,1144870.02,0.0
2024-07-18 02:47:04+00:00,btc_mxn,1144869.98,1144870.02,0.0
2024-07-18 02:47:05+00:00,btc_mxn,1144869.98,1144870.02,0.0
2024-07-18 02:47:06+00:00,btc_mxn,1144869.98,1144870.02,0.0
2024-07-18 02:47:07+00:00,btc_mxn,1144869.98,1144870.02,0.0
2024-07-18 02:47:08+00:00,btc_mxn,1144869.98,1144870.02,0.0
2024-07-18 02:47:09+00:00,btc_mxn,1144869.98,1144870.02,0.0
2024-07-18 02:47:10+00:00,btc_mxn,1144869.98,1144870.02,0.0
2024-07-18 02:47:11+00:00,btc_mxn,1144869.98,1144870.02,0.0
2024-07-18 02:47:12+00:00,btc_mxn,1144869.98,1144870.02,0.0
2024-07-18 02:47:13+00:00,btc_mxn,1144869.98,1144870.02,0.0
2024-07-18 02:47:14+00:00,btc_mxn,1144869.98,1144870.02,0.0
2024-07-18 02:47:15+00:00,btc_mxn,1144869.98,1144870.02,0.0
2024-07-18 02:47:16+00:00,btc_mxn,1144869.98,1144870.02,0.0
2024-07-18 02:47:17+00:00,btc_mxn,1144869.98,1144870.02,0.0
2024-07-18 02:47:18+00:00,btc_mxn,1144869.98,1144870.02,0.0
2024-07-18 02:47:19+00:00,btc_mxn,1144869.98,1144870.02,0.0
2024-07-18 02:47:20+00:00,btc_mxn,1144869.98,1144870.02,0.0
2024-07-18 02:47:21+00:00,btc_mxn,1144869.98,1144870.02,0.0
2024-07-18 02:47:22+00:00,btc_mxn,1144869.98,1144870.02,0.0
2024-07-18 02:47:23+00:00,btc_mxn,1144869.98,1144870.02,0.0
2024-07-18 02:47:24+00:00,btc_mxn,1144869.98,1144870.02,0.0
2024-07-18 02:47:25+00:00,btc_mxn,1144869.98,1144870.02,0.0
2024-07-18 02:47:26+00:00,btc_mxn,1144869.98,1144870.02,0.0
2024-07-18 02:47:27+00:00,btc_mxn,1144869.98,1144870.02,0.0
2024-07-18 02:47:28+00:00,btc_mxn,1144869.98,1144870.02,0.0
2024-07-18 02:47:29+00:00,btc_mxn,1144869.98,1144870.02,0.0
2024-07-18 02:47:30+00:00,btc_mxn,1144869.98,1144870.02,0.0
2024-07-18 02:47:31+00:00,btc_mxn,1144869.98,1144870.02,0.0
2024-07-18 02:47:32+00:00,btc_mxn,1144869.98,1144870.02,0.0
2024-07-18 02:47:33+00:00,btc_mxn,1144869.98,1144870.02,0.0
2024-07-18 02:47:34+00:00,btc_mxn,1144869.98,1144870.02,0.0
2024-07-18 02:47:35+00:00,btc_mxn,1144869.98,1144870.02,0.0
2024-07-18 02:47:36+00:00,btc_mxn,1144869.98,1144870.02,0.0
2024-07-18 02:47:37+00:00,btc_mxn,1144869.98,1144870.02,0.0
2024-07-18 02:47:38+00:00,btc_mxn,1144869.98,1144870.02,0.0
2024-07-18 02:47:39+00:00,btc_mxn,1144869.98,1144870.02,0.0
2024-07-18 02:47:40+00:00,btc_mxn,1144869.98,1144870.02,0.0
2024-07-18 02:47:41+00:00,btc_mxn,1144869.98,1144870.02,0.0
2024-07-18 02:47:42+00:00,btc_mxn,1144869.98,1144870.02,0.0
2024-07-18 02:47:43+00:00,btc_mxn,1144869.98,1144870.02,0.0
2024-07-18 02:47:45+00:00,btc_mxn,1144869.98,1144870.02,0.0
2024-07-18 02:47:46+00:00,btc_mxn,1144869.98,1144870.02,0.0
2024-07-18 02:47:47+00:00,btc_mxn,1144869.98,1144870.02,0.0
2024-07-18 02:47:48+00:00,btc_mxn,1144869.98,1144870.02,0.0
2024-07-18 02:47:49+00:00,btc_mxn,1144869.98,1144870.02,0.0
2024-07-18 02:47:50+00:00,btc_mxn,1144869.98,1144870.02,0.0
2024-07-18 02:47:51+00:00,btc_mxn,1144869.98,1144870.02,0.0
2024-07-18 02:47:52+00:00,btc_mxn,1144869.98,1144870.02,0.0
2024-07-18 02:47:53+00:00,btc_mxn,1144869.98,1144870.02,0.0
2024-07-18 02:47:54+00:00,btc_mxn,1144869.98,1144870.02,0.0
2024-07-18 02:47:55+00:00,btc_mxn,1144869.98,1144870.02,0.0
2024-07-18 02:47:56+00:00,btc_mxn,1144869.98,1144870.02,0.0
2024-07-18 02:47:57+00:00,btc_mxn,1144869.98,1144870.02,0.0
2024-07-18 02:47:58+00:00,btc_mxn,1144869.98,1144870.02,0.0
2024-07-18 02:47:59+00:00,btc_mxn,1144869.98,1144870.02,0.0
2024-07-18 02:48:00+00:00,btc_mxn,1144869.98,1144870.02,0.0
2024-07-18 02:48:01+00:00,btc_mxn,1144869.98,1144870.02,0.0
2024-07-18 02:48:02+00:00,btc_mxn,1144869.98,1144870.02,0.0
2024-07-18 02:48:03+00:00,btc_mxn,1144869.98,1144870.02,0.0
2024-07-18 02:48:04+00:00,btc_mxn,1144869.98,1144870.02,0.0
2024-07-18 02:48:05+00:00,btc_mxn,1144869.98,1144870.02,0.0
2024-07-18 02:48:06+00:00,btc_mxn,1144869.98,1144870.02,0.0
2024-07-18 02:48:07+00:00,btc_mxn,1144869.98,1144870.02,0.0
2024-07-18 02:48:08+00:00,btc_mxn,1144869.98,1144870.02,0.0
2024-07-18 02:48:09+00:00,btc_mxn,1144869.98,1144870.02,0.0
2024-07-18 02:48:10+00:00,btc_mxn,1144869.98,1144870.02,0.0
2024-07-18 02:48:11+00:00,btc_mxn,1144869.98,1144870.02,0.0
2024-07-18 02:48:12+00:00,btc_mxn,1144869.98,1144870.02,0.0
2024-07-18 02:48:13+00:00,btc_mxn,1144869.98,1144870.02,0.0
2024-07-18 02:48:14+00:00,btc_mxn,1144869.98,1144870.02,0.0
2024-07-18 02:48:15+00:00,btc_mxn,1144869.98,1144870.02,0.0
2024-07-18 02:48:16+00:00,btc_mxn,1144869.98,1144870.02,0.0
2024-07-18 02:48:17+00:00,btc_mxn,1144869.98,1144870.02,0.0
2024-07-18 02:48:18+00:00,btc_mxn,1144869.98,1144870.02,0.0
2024-07-18 02:48:19+00:00,btc_mxn,1144869.98,1144870.02,0.0
2024-07-18 02:48:20+00:00,btc_mxn,1144869.98,1144870.02,0.0
2024-07-18 02:48:21+00:00,btc_mxn,1144869.98,1144870.02,0.0
2024-07-18 02:48:22+00:00,btc_mxn,1144869.98,1144870.02,0.0
2024-07-18 02:48:23+00:00,btc_mxn,1144869.98,1144870.02,0.0
2024-07-18 02:48:24+00:00,btc_mxn,1144869.98,1144870.02,0.0
2024-07-18 02:48:25+00:00,btc_mxn,1144869.98,1144870.02,0.0
2024-07-18 02:48:26+00:00,btc_mxn,1144869.98,1144870.02,0.0
2024-07-18 02:48:27+00:00,btc_mxn,1144869.98,1144870.02,0.0
2024-07-18 02:48:28+00:00,btc_mxn,1144869.98,1144870.02,0.0
2024-07-18 02:48:29+00:00,btc_mxn,1144869.98,1144870.02,0.0
2024-07-18 02:48:30+00:00,btc_mxn,1144869.98,1144870.02,0.0
2024-07-18 02:48:32+00:00,btc_mxn,1144869.98,1144870.02,0.0
2024-07-18 02:48:32+00:00,btc_mxn,1144869.98,1144870.02,0.0
2024-07-18 02:48:33+00:00,btc_mxn,1144869.98,1144870.02,0.0
2024-07-18 02:48:34+00:00,btc_mxn,1144869.98,1144870.02,0.0
2024-07-18 02:48:35+00:00,btc_mxn,1144869.98,1144870.02,0.0
2024-07-18 02:48:36+00:00,btc_mxn,1144869.98,1144870.02,0.0
2024-07-18 02:48:37+00:00,btc_mxn,1144869.98,1144870.02,0.0
2024-07-18 02:48:38+00:00,btc_mxn,1144869.98,1144870.02,0.0
2024-07-18 02:48:39+00:00,btc_mxn,1144869.98,1144870.02,0.0
2024-07-18 02:48:40+00:00,btc_mxn,1144869.98,1144870.02,0.0
2024-07-18 02:48:41+00:00,btc_mxn,1144869.98,1144870.02,0.0
2024-07-18 02:48:43+00:00,btc_mxn,1144869.98,1144870.02,0.0
2024-07-18 02:48:43+00:00,btc_mxn,1144869.98,1144870.02,0.0
2024-07-18 02:48:44+00:00,btc_mxn,1144869.98,1144870.02,0.0
2024-07-18 02:48:45+00:00,btc_mxn,1144869.98,1144870.02,0.0
2024-07-18 02:48:46+00:00,btc_mxn,1144869.98,1144870.02,0.0
2024-07-18 02:48:47+00:00,btc_mxn,1144869.98,1144870.02,0.0
2024-07-18 02:48:48+00:00,btc_mxn,1144869.98,1144870.02,0.0
2024-07-18 02:48:49+00:00,btc_mxn,1144869.98,1144870.02,0.0
2024-07-18 02:48:50+00:00,btc_mxn,1144869.98,1144870.02,0.0
2024-07-18 02:48:51+00:00,btc_mxn,1144869.98,1144870.02,0.0
2024-07-18 02:48:52+00:00,btc_mxn,1144869.98,1144870.02,0.0
2024-07-18 02:48:53+00:00,btc_mxn,1144869.98,1144870.02,0.0
2024-07-18 02:48:55+00:00,btc_mxn,1144869.98,1144870.02,0.0
2024-07-18 02:48:56+00:00,btc_mxn,1144869.98,1144870.02,0.0
2024-07-18 02:48:56+00:00,btc_mxn,1144869.98,1144870.02,0.0
2024-07-18 02:48:57+00:00,btc_mxn,1144869.98,1144870.02,0.0
2024-07-18 02:48:59+00:00,btc_mxn,1144869.98,1144870.02,0.0
2024-07-18 02:48:59+00:00,btc_mxn,1144869.98,1144870.02,0.0
2024-07-18 02:49:01+00:00,btc_mxn,1144869.98,1144870.02,0.0
2024-07-18 02:49:02+00:00,btc_mxn,1144869.98,1144870.02,0.0
