orderbook_timestamp,book,bid,ask,spread
2024-07-18 14:53:13+00:00,btc_mxn,1138740.0,1140790.0,0.18
2024-07-18 14:53:14+00:00,btc_mxn,1138740.0,1140790.0,0.18
2024-07-18 14:53:15+00:00,btc_mxn,1138740.0,1140790.0,0.18
2024-07-18 14:53:16+00:00,btc_mxn,1138740.0,1140790.0,0.18
2024-07-18 14:53:17+00:00,btc_mxn,1138740.0,1140790.0,0.18
2024-07-18 14:53:18+00:00,btc_mxn,1138740.0,1140790.0,0.18
2024-07-18 14:53:19+00:00,btc_mxn,1138740.0,1140790.0,0.18
2024-07-18 14:53:20+00:00,btc_mxn,1138740.0,1140790.0,0.18
2024-07-18 14:53:21+00:00,btc_mxn,1138740.0,1140790.0,0.18
2024-07-18 14:53:22+00:00,btc_mxn,1138740.0,1140790.0,0.18
2024-07-18 14:53:23+00:00,btc_mxn,1138740.0,1140790.0,0.18
2024-07-18 14:53:24+00:00,btc_mxn,1138740.0,1140790.0,0.18
2024-07-18 14:53:25+00:00,btc_mxn,1138740.0,1140790.0,0.18
2024-07-18 14:53:27+00:00,btc_mxn,1138740.0,1140790.0,0.18
2024-07-18 14:53:28+00:00,btc_mxn,1138740.0,1140790.0,0.18
2024-07-18 14:53:29+00:00,btc_mxn,1138740.0,1140790.0,0.18
2024-07-18 14:53:30+00:00,btc_mxn,1138740.0,1140790.0,0.18
2024-07-18 14:53:31+00:00,btc_mxn,1138740.0,1140790.0,0.18
2024-07-18 14:53:32+00:00,btc_mxn,1138740.0,1140790.0,0.18
2024-07-18 14:53:33+00:00,btc_mxn,1138740.0,1140790.0,0.18
2024-07-18 14:53:34+00:00,btc_mxn,1138740.0,1140790.0,0.18
2024-07-18 14:53:35+00:00,btc_mxn,1138740.0,1140790.0,0.18
2024-07-18 14:53:36+00:00,btc_mxn,1138740.0,1140790.0,0.18
2024-07-18 14:53:37+00:00,btc_mxn,1138740.0,1140790.0,0.18
2024-07-18 14:53:38+00:00,btc_mxn,1138740.0,1140790.0,0.18
2024-07-18 14:53:39+00:00,btc_mxn,1138740.0,1140790.0,0.18
2024-07-18 14:53:40+00:00,btc_mxn,1138740.0,1140790.0,0.18
2024-07-18 14:53:41+00:00,btc_mxn,1138740.0,1140790.0,0.18
2024-07-18 14:53:42+00:00,btc_mxn,1138740.0,1140790.0,0.18
2024-07-18 14:53:43+00:00,btc_mxn,1138740.0,1140790.0,0.18
2024-07-18 14:53:44+00:00,btc_mxn,1138740.0,1140790.0,0.18
2024-07-18 14:53:45+00:00,btc_mxn,1138740.0,1140790.0,0.18
2024-07-18 14:53:46+00:00,btc_mxn,1138740.0,1140790.0,0.18
2024-07-18 14:53:47+00:00,btc_mxn,1138740.0,1140790.0,0.18
2024-07-18 14:53:48+00:00,btc_mxn,1138740.0,1140790.0,0.18
2024-07-18 14:53:49+00:00,btc_mxn,1138740.0,1140790.0,0.18
2024-07-18 14:53:50+00:00,btc_mxn,1138740.0,1140790.0,0.18
2024-07-18 14:53:51+00:00,btc_mxn,1138740.0,1140790.0,0.18
2024-07-18 14:53:52+00:00,btc_mxn,1138740.0,1140790.0,0.18
2024-07-18 14:53:53+00:00,btc_mxn,1138740.0,1140790.0,0.18
2024-07-18 14:53:54+00:00,btc_mxn,1138740.0,1140790.0,0.18
2024-07-18 14:53:55+00:00,btc_mxn,1138740.0,1140790.0,0.18
2024-07-18 14:53:56+00:00,btc_mxn,1138740.0,1140790.0,0.18
2024-07-18 14:53:57+00:00,btc_mxn,1138740.0,1140790.0,0.18
2024-07-18 14:53:58+00:00,btc_mxn,1138740.0,1140790.0,0.18
2024-07-18 14:53:59+00:00,btc_mxn,1138740.0,1140790.0,0.18
2024-07-18 14:54:00+00:00,btc_mxn,1138740.0,1140790.0,0.18
2024-07-18 14:54:01+00:00,btc_mxn,1138740.0,1140790.0,0.18
2024-07-18 14:54:02+00:00,btc_mxn,1138740.0,1140790.0,0.18
2024-07-18 14:54:03+00:00,btc_mxn,1138740.0,1141080.0,0.205
2024-07-18 14:54:04+00:00,btc_mxn,1138740.0,1141080.0,0.205
2024-07-18 14:54:05+00:00,btc_mxn,1138740.0,1141080.0,0.205
2024-07-18 14:54:06+00:00,btc_mxn,1138740.0,1141080.0,0.205
2024-07-18 14:54:07+00:00,btc_mxn,1138740.0,1141080.0,0.205
2024-07-18 14:54:08+00:00,btc_mxn,1138740.0,1141080.0,0.205
2024-07-18 14:54:09+00:00,btc_mxn,1138740.0,1141080.0,0.205
2024-07-18 14:54:10+00:00,btc_mxn,1138740.0,1141080.0,0.205
2024-07-18 14:54:11+00:00,btc_mxn,1138740.0,1141080.0,0.205
2024-07-18 14:54:12+00:00,btc_mxn,1138740.0,1141080.0,0.205
2024-07-18 14:54:13+00:00,btc_mxn,1138740.0,1141080.0,0.205
2024-07-18 14:54:14+00:00,btc_mxn,1138740.0,1141080.0,0.205
2024-07-18 14:54:15+00:00,btc_mxn,1138740.0,1141080.0,0.205
2024-07-18 14:54:16+00:00,btc_mxn,1138740.0,1141080.0,0.205
2024-07-18 14:54:17+00:00,btc_mxn,1138740.0,1141080.0,0.205
2024-07-18 14:54:18+00:00,btc_mxn,1138740.0,1141080.0,0.205
2024-07-18 14:54:19+00:00,btc_mxn,1138740.0,1141080.0,0.205
2024-07-18 14:54:20+00:00,btc_mxn,1138740.0,1141080.0,0.205
2024-07-18 14:54:21+00:00,btc_mxn,1138740.0,1141080.0,0.205
2024-07-18 14:54:22+00:00,btc_mxn,1138740.0,1141080.0,0.205
2024-07-18 14:54:23+00:00,btc_mxn,1138740.0,1141080.0,0.205
2024-07-18 14:54:25+00:00,btc_mxn,1138740.0,1141080.0,0.205
2024-07-18 14:54:26+00:00,btc_mxn,1138740.0,1141080.0,0.205
2024-07-18 14:54:27+00:00,btc_mxn,1138740.0,1141080.0,0.205
2024-07-18 14:54:28+00:00,btc_mxn,1138740.0,1141080.0,0.205
2024-07-18 14:54:29+00:00,btc_mxn,1138740.0,1141080.0,0.205
2024-07-18 14:54:30+00:00,btc_mxn,1138740.0,1141080.0,0.205
2024-07-18 14:54:31+00:00,btc_mxn,1138740.0,1141080.0,0.205
2024-07-18 14:54:32+00:00,btc_mxn,1138740.0,1141080.0,0.205
2024-07-18 14:54:33+00:00,btc_mxn,1138740.0,1141080.0,0.205
2024-07-18 14:54:34+00:00,btc_mxn,1138740.0,1141080.0,0.205
2024-07-18 14:54:35+00:00,btc_mxn,1138740.0,1141080.0,0.205
2024-07-18 14:54:36+00:00,btc_mxn,1138740.0,1141080.0,0.205
2024-07-18 14:54:37+00:00,btc_mxn,1138740.0,1141080.0,0.205
2024-07-18 14:54:38+00:00,btc_mxn,1138740.0,1141080.0,0.205
2024-07-18 14:54:39+00:00,btc_mxn,1138740.0,1141080.0,0.205
2024-07-18 14:54:40+00:00,btc_mxn,1138740.0,1141080.0,0.205
2024-07-18 14:54:41+00:00,btc_mxn,1138740.0,1141080.0,0.205
2024-07-18 14:54:42+00:00,btc_mxn,1138740.0,1141080.0,0.205
2024-07-18 14:54:43+00:00,btc_mxn,1138740.0,1141080.0,0.205
2024-07-18 14:54:44+00:00,btc_mxn,1138740.0,1141080.0,0.205
2024-07-18 14:54:45+00:00,btc_mxn,1138740.0,1141080.0,0.205
2024-07-18 14:54:46+00:00,btc_mxn,1138740.0,1141080.0,0.205
2024-07-18 14:54:47+00:00,btc_mxn,1138740.0,1141080.0,0.205
2024-07-18 14:54:48+00:00,btc_mxn,1138740.0,1141080.0,0.205
2024-07-18 14:54:49+00:00,btc_mxn,1138740.0,1141080.0,0.205
2024-07-18 14:54:50+00:00,btc_mxn,1138740.0,1141080.0,0.205
2024-07-18 14:54:51+00:00,btc_mxn,1138740.0,1141080.0,0.205
2024-07-18 14:54:52+00:00,btc_mxn,1138740.0,1141080.0,0.205
2024-07-18 14:54:53+00:00,btc_mxn,1138740.0,1141080.0,0.205
2024-07-18 14:54:54+00:00,btc_mxn,1138740.0,1141080.0,0.205
2024-07-18 14:54:55+00:00,btc_mxn,1138740.0,1141080.0,0.205
2024-07-18 14:54:56+00:00,btc_mxn,1138740.0,1141080.0,0.205
2024-07-18 14:54:57+00:00,btc_mxn,1138740.0,1141080.0,0.205
2024-07-18 14:54:58+00:00,btc_mxn,1139080.0,1141080.0,0.175
2024-07-18 14:54:59+00:00,btc_mxn,1139080.0,1141080.0,0.175
2024-07-18 14:55:00+00:00,btc_mxn,1139080.0,1141080.0,0.175
2024-07-18 14:55:01+00:00,btc_mxn,1139080.0,1141080.0,0.175
2024-07-18 14:55:02+00:00,btc_mxn,1139080.0,1141080.0,0.175
2024-07-18 14:55:03+00:00,btc_mxn,1139080.0,1141080.0,0.175
2024-07-18 14:55:04+00:00,btc_mxn,1139080.0,1141080.0,0.175
2024-07-18 14:55:05+00:00,btc_mxn,1139080.0,1141080.0,0.175
2024-07-18 14:55:06+00:00,btc_mxn,1139080.0,1141080.0,0.175
2024-07-18 14:55:07+00:00,btc_mxn,1139080.0,1141080.0,0.175
2024-07-18 14:55:08+00:00,btc_mxn,1139120.0,1141080.0,0.172
2024-07-18 14:55:09+00:00,btc_mxn,1139120.0,1141080.0,0.172
2024-07-18 14:55:10+00:00,btc_mxn,1139120.0,1141080.0,0.172
2024-07-18 14:55:11+00:00,btc_mxn,1139120.0,1141080.0,0.172
2024-07-18 14:55:12+00:00,btc_mxn,1139120.0,1141080.0,0.172
2024-07-18 14:55:13+00:00,btc_mxn,1139120.0,1141080.0,0.172
2024-07-18 14:55:14+00:00,btc_mxn,1139120.0,1141080.0,0.172
2024-07-18 14:55:15+00:00,btc_mxn,1139120.0,1141080.0,0.172
2024-07-18 14:55:16+00:00,btc_mxn,1139120.0,1141080.0,0.172
2024-07-18 14:55:17+00:00,btc_mxn,1139120.0,1141080.0,0.172
2024-07-18 14:55:18+00:00,btc_mxn,1139120.0,1141080.0,0.172
2024-07-18 14:55:19+00:00,btc_mxn,1139080.0,1141080.0,0.175
2024-07-18 14:55:21+00:00,btc_mxn,1139080.0,1141080.0,0.175
2024-07-18 14:55:22+00:00,btc_mxn,1139080.0,1141080.0,0.175
2024-07-18 14:55:23+00:00,btc_mxn,1139080.0,1141080.0,0.175
2024-07-18 14:55:24+00:00,btc_mxn,1139080.0,1141080.0,0.175
2024-07-18 14:55:25+00:00,btc_mxn,1139080.0,1141080.0,0.175
2024-07-18 14:55:26+00:00,btc_mxn,1139080.0,1141080.0,0.175
2024-07-18 14:55:27+00:00,btc_mxn,1139080.0,1141080.0,0.175
2024-07-18 14:55:28+00:00,btc_mxn,1139080.0,1141080.0,0.175
2024-07-18 14:55:29+00:00,btc_mxn,1139080.0,1141080.0,0.175
2024-07-18 14:55:30+00:00,btc_mxn,1139080.0,1141080.0,0.175
2024-07-18 14:55:31+00:00,btc_mxn,1139080.0,1141080.0,0.175
2024-07-18 14:55:32+00:00,btc_mxn,1139080.0,1141080.0,0.175
2024-07-18 14:55:33+00:00,btc_mxn,1139080.0,1141080.0,0.175
2024-07-18 14:55:34+00:00,btc_mxn,1139080.0,1141080.0,0.175
2024-07-18 14:55:35+00:00,btc_mxn,1139080.0,1141080.0,0.175
2024-07-18 14:55:36+00:00,btc_mxn,1139080.0,1141080.0,0.175
2024-07-18 14:55:37+00:00,btc_mxn,1139080.0,1141080.0,0.175
2024-07-18 14:55:38+00:00,btc_mxn,1139080.0,1141080.0,0.175
2024-07-18 14:55:39+00:00,btc_mxn,1139080.0,1141080.0,0.175
2024-07-18 14:55:40+00:00,btc_mxn,1139080.0,1141080.0,0.175
2024-07-18 14:55:41+00:00,btc_mxn,1139080.0,1141080.0,0.175
2024-07-18 14:55:42+00:00,btc_mxn,1139080.0,1141080.0,0.175
2024-07-18 14:55:43+00:00,btc_mxn,1139080.0,1141080.0,0.175
2024-07-18 14:55:44+00:00,btc_mxn,1139080.0,1141080.0,0.175
2024-07-18 14:55:45+00:00,btc_mxn,1139080.0,1141080.0,0.175
2024-07-18 14:55:46+00:00,btc_mxn,1139080.0,1141080.0,0.175
2024-07-18 14:55:47+00:00,btc_mxn,1139080.0,1141080.0,0.175
2024-07-18 14:55:48+00:00,btc_mxn,1139080.0,1141080.0,0.175
2024-07-18 14:55:49+00:00,btc_mxn,1139080.0,1141080.0,0.175
2024-07-18 14:55:50+00:00,btc_mxn,1139080.0,1141080.0,0.175
2024-07-18 14:55:51+00:00,btc_mxn,1139080.0,1141080.0,0.175
2024-07-18 14:55:52+00:00,btc_mxn,1139080.0,1141080.0,0.175
2024-07-18 14:55:53+00:00,btc_mxn,1139080.0,1141080.0,0.175
2024-07-18 14:55:54+00:00,btc_mxn,1139080.0,1141080.0,0.175
2024-07-18 14:55:55+00:00,btc_mxn,1139080.0,1141080.0,0.175
2024-07-18 14:55:56+00:00,btc_mxn,1139080.0,1141080.0,0.175
2024-07-18 14:55:57+00:00,btc_mxn,1139080.0,1141080.0,0.175
2024-07-18 14:55:58+00:00,btc_mxn,1139080.0,1141080.0,0.175
2024-07-18 14:55:59+00:00,btc_mxn,1139080.0,1141080.0,0.175
2024-07-18 14:56:00+00:00,btc_mxn,1139080.0,1141080.0,0.175
2024-07-18 14:56:01+00:00,btc_mxn,1139080.0,1141080.0,0.175
2024-07-18 14:56:02+00:00,btc_mxn,1139080.0,1141080.0,0.175
2024-07-18 14:56:03+00:00,btc_mxn,1139080.0,1141080.0,0.175
2024-07-18 14:56:04+00:00,btc_mxn,1138650.0,1141080.0,0.213
2024-07-18 14:56:05+00:00,btc_mxn,1138650.0,1141080.0,0.213
2024-07-18 14:56:06+00:00,btc_mxn,1139509.98,1139510.02,0.0
2024-07-18 14:56:07+00:00,btc_mxn,1139509.98,1139510.02,0.0
2024-07-18 14:56:08+00:00,btc_mxn,1139509.98,1139510.02,0.0
2024-07-18 14:56:09+00:00,btc_mxn,1139509.98,1139510.02,0.0
2024-07-18 14:56:10+00:00,btc_mxn,1139509.98,1139510.02,0.0
2024-07-18 14:56:11+00:00,btc_mxn,1139509.98,1139510.02,0.0
2024-07-18 14:56:12+00:00,btc_mxn,1139509.98,1139510.02,0.0
2024-07-18 14:56:13+00:00,btc_mxn,1139509.98,1139510.02,0.0
2024-07-18 14:56:14+00:00,btc_mxn,1139509.98,1139510.02,0.0
2024-07-18 14:56:15+00:00,btc_mxn,1139509.98,1139510.02,0.0
2024-07-18 14:56:16+00:00,btc_mxn,1139509.98,1139510.02,0.0
2024-07-18 14:56:17+00:00,btc_mxn,1139509.98,1139510.02,0.0
2024-07-18 14:56:18+00:00,btc_mxn,1139509.98,1139510.02,0.0
2024-07-18 14:56:19+00:00,btc_mxn,1139509.98,1139510.02,0.0
2024-07-18 14:56:20+00:00,btc_mxn,1139509.98,1139510.02,0.0
2024-07-18 14:56:21+00:00,btc_mxn,1139509.98,1139510.02,0.0
2024-07-18 14:56:23+00:00,btc_mxn,1139509.98,1139510.02,0.0
2024-07-18 14:56:23+00:00,btc_mxn,1139509.98,1139510.02,0.0
2024-07-18 14:56:25+00:00,btc_mxn,1139509.98,1139510.02,0.0
2024-07-18 14:56:26+00:00,btc_mxn,1139509.98,1139510.02,0.0
2024-07-18 14:56:27+00:00,btc_mxn,1139509.98,1139510.02,0.0
2024-07-18 14:56:28+00:00,btc_mxn,1139509.98,1139510.02,0.0
2024-07-18 14:56:29+00:00,btc_mxn,1139509.98,1139510.02,0.0
2024-07-18 14:56:30+00:00,btc_mxn,1139509.98,1139510.02,0.0
2024-07-18 14:56:31+00:00,btc_mxn,1139509.98,1139510.02,0.0
2024-07-18 14:56:32+00:00,btc_mxn,1139509.98,1139510.02,0.0
2024-07-18 14:56:33+00:00,btc_mxn,1139509.98,1139510.02,0.0
2024-07-18 14:56:34+00:00,btc_mxn,1139509.98,1139510.02,0.0
2024-07-18 14:56:35+00:00,btc_mxn,1139509.98,1139510.02,0.0
2024-07-18 14:56:36+00:00,btc_mxn,1139509.98,1139510.02,0.0
2024-07-18 14:56:37+00:00,btc_mxn,1139509.98,1139510.02,0.0
2024-07-18 14:56:38+00:00,btc_mxn,1139509.98,1139510.02,0.0
2024-07-18 14:56:39+00:00,btc_mxn,1139509.98,1139510.02,0.0
2024-07-18 14:56:40+00:00,btc_mxn,1139509.98,1139510.02,0.0
2024-07-18 14:56:41+00:00,btc_mxn,1139509.98,1139510.02,0.0
2024-07-18 14:56:42+00:00,btc_mxn,1139509.98,1139510.02,0.0
2024-07-18 14:56:43+00:00,btc_mxn,1139509.98,1139510.02,0.0
2024-07-18 14:56:44+00:00,btc_mxn,1139509.98,1139510.02,0.0
2024-07-18 14:56:45+00:00,btc_mxn,1139509.98,1139510.02,0.0
2024-07-18 14:56:46+00:00,btc_mxn,1139509.98,1139510.02,0.0
2024-07-18 14:56:47+00:00,btc_mxn,1139509.98,1139510.02,0.0
2024-07-18 14:56:48+00:00,btc_mxn,1139509.98,1139510.02,0.0
2024-07-18 14:56:49+00:00,btc_mxn,1139509.98,1139510.02,0.0
2024-07-18 14:56:50+00:00,btc_mxn,1139509.98,1139510.02,0.0
2024-07-18 14:56:51+00:00,btc_mxn,1139509.98,1139510.02,0.0
2024-07-18 14:56:52+00:00,btc_mxn,1139509.98,1139510.02,0.0
2024-07-18 14:56:53+00:00,btc_mxn,1139509.98,1139510.02,0.0
2024-07-18 14:56:54+00:00,btc_mxn,1139509.98,1139510.02,0.0
2024-07-18 14:56:55+00:00,btc_mxn,1139509.98,1139510.02,0.0
2024-07-18 14:56:56+00:00,btc_mxn,1139509.98,1139510.02,0.0
2024-07-18 14:56:57+00:00,btc_mxn,1139509.98,1139510.02,0.0
2024-07-18 14:56:58+00:00,btc_mxn,1139509.98,1139510.02,0.0
2024-07-18 14:56:59+00:00,btc_mxn,1139509.98,1139510.02,0.0
2024-07-18 14:57:00+00:00,btc_mxn,1139509.98,1139510.02,0.0
2024-07-18 14:57:01+00:00,btc_mxn,1139509.98,1139510.02,0.0
2024-07-18 14:57:02+00:00,btc_mxn,1139509.98,1139510.02,0.0
2024-07-18 14:57:03+00:00,btc_mxn,1139509.98,1139510.02,0.0
2024-07-18 14:57:04+00:00,btc_mxn,1139509.98,1139510.02,0.0
2024-07-18 14:57:05+00:00,btc_mxn,1139509.98,1139510.02,0.0
2024-07-18 14:57:06+00:00,btc_mxn,1139509.98,1139510.02,0.0
2024-07-18 14:57:07+00:00,btc_mxn,1139509.98,1139510.02,0.0
2024-07-18 14:57:08+00:00,btc_mxn,1139509.98,1139510.02,0.0
2024-07-18 14:57:09+00:00,btc_mxn,1139509.98,1139510.02,0.0
2024-07-18 14:57:10+00:00,btc_mxn,1140000.0,1141080.0,0.095
2024-07-18 14:57:11+00:00,btc_mxn,1139509.98,1141730.0,0.194
2024-07-18 14:57:12+00:00,btc_mxn,1140040.0,1141730.0,0.148
2024-07-18 14:57:14+00:00,btc_mxn,1139509.98,1141730.0,0.194
2024-07-18 14:57:14+00:00,btc_mxn,1139509.98,1141730.0,0.194
2024-07-18 14:57:15+00:00,btc_mxn,1139509.98,1141730.0,0.194
2024-07-18 14:57:16+00:00,btc_mxn,1140110.0,1141730.0,0.142
2024-07-18 14:57:18+00:00,btc_mxn,1140110.0,1141730.0,0.142
2024-07-18 14:57:19+00:00,btc_mxn,1140140.0,1141730.0,0.139
2024-07-18 14:57:20+00:00,btc_mxn,1140140.0,1141730.0,0.139
2024-07-18 14:57:21+00:00,btc_mxn,1140140.0,1141730.0,0.139
2024-07-18 14:57:22+00:00,btc_mxn,1140140.0,1141730.0,0.139
2024-07-18 14:57:23+00:00,btc_mxn,1140140.0,1141730.0,0.139
2024-07-18 14:57:24+00:00,btc_mxn,1140140.0,1141730.0,0.139
2024-07-18 14:57:25+00:00,btc_mxn,1140180.0,1141730.0,0.136
2024-07-18 14:57:26+00:00,btc_mxn,1140180.0,1141730.0,0.136
2024-07-18 14:57:27+00:00,btc_mxn,1140180.0,1141730.0,0.136
2024-07-18 14:57:28+00:00,btc_mxn,1140180.0,1141730.0,0.136
2024-07-18 14:57:29+00:00,btc_mxn,1140180.0,1141730.0,0.136
2024-07-18 14:57:30+00:00,btc_mxn,1140180.0,1141730.0,0.136
2024-07-18 14:57:31+00:00,btc_mxn,1140180.0,1141730.0,0.136
2024-07-18 14:57:32+00:00,btc_mxn,1140180.0,1141730.0,0.136
2024-07-18 14:57:33+00:00,btc_mxn,1140180.0,1141730.0,0.136
2024-07-18 14:57:34+00:00,btc_mxn,1140180.0,1141730.0,0.136
2024-07-18 14:57:35+00:00,btc_mxn,1140180.0,1141730.0,0.136
2024-07-18 14:57:36+00:00,btc_mxn,1140180.0,1141730.0,0.136
2024-07-18 14:57:37+00:00,btc_mxn,1140180.0,1141730.0,0.136
2024-07-18 14:57:38+00:00,btc_mxn,1140180.0,1141730.0,0.136
2024-07-18 14:57:39+00:00,btc_mxn,1140180.0,1141730.0,0.136
2024-07-18 14:57:40+00:00,btc_mxn,1140180.0,1141730.0,0.136
2024-07-18 14:57:41+00:00,btc_mxn,1140180.0,1141730.0,0.136
2024-07-18 14:57:42+00:00,btc_mxn,1140180.0,1141730.0,0.136
2024-07-18 14:57:43+00:00,btc_mxn,1140180.0,1141730.0,0.136
2024-07-18 14:57:44+00:00,btc_mxn,1140180.0,1141730.0,0.136
2024-07-18 14:57:45+00:00,btc_mxn,1140180.0,1141730.0,0.136
2024-07-18 14:57:46+00:00,btc_mxn,1140180.0,1141730.0,0.136
2024-07-18 14:57:47+00:00,btc_mxn,1140180.0,1141730.0,0.136
2024-07-18 14:57:48+00:00,btc_mxn,1140180.0,1141730.0,0.136
2024-07-18 14:57:49+00:00,btc_mxn,1140180.0,1141730.0,0.136
2024-07-18 14:57:50+00:00,btc_mxn,1140180.0,1141730.0,0.136
2024-07-18 14:57:51+00:00,btc_mxn,1140180.0,1141730.0,0.136
2024-07-18 14:57:52+00:00,btc_mxn,1140180.0,1141730.0,0.136
2024-07-18 14:57:53+00:00,btc_mxn,1140180.0,1141730.0,0.136
2024-07-18 14:57:54+00:00,btc_mxn,1140180.0,1141730.0,0.136
2024-07-18 14:57:55+00:00,btc_mxn,1140180.0,1141730.0,0.136
2024-07-18 14:57:56+00:00,btc_mxn,1140180.0,1141730.0,0.136
2024-07-18 14:57:57+00:00,btc_mxn,1140180.0,1141730.0,0.136
2024-07-18 14:57:58+00:00,btc_mxn,1140180.0,1141730.0,0.136
2024-07-18 14:57:59+00:00,btc_mxn,1140180.0,1141730.0,0.136
2024-07-18 14:58:00+00:00,btc_mxn,1140180.0,1141730.0,0.136
2024-07-18 14:58:01+00:00,btc_mxn,1140180.0,1141730.0,0.136
2024-07-18 14:58:02+00:00,btc_mxn,1140180.0,1141730.0,0.136
2024-07-18 14:58:03+00:00,btc_mxn,1140180.0,1141730.0,0.136
2024-07-18 14:58:04+00:00,btc_mxn,1140180.0,1141730.0,0.136
2024-07-18 14:58:05+00:00,btc_mxn,1140180.0,1141730.0,0.136
2024-07-18 14:58:06+00:00,btc_mxn,1140180.0,1141730.0,0.136
2024-07-18 14:58:07+00:00,btc_mxn,1140180.0,1141730.0,0.136
2024-07-18 14:58:08+00:00,btc_mxn,1140180.0,1141730.0,0.136
2024-07-18 14:58:09+00:00,btc_mxn,1140180.0,1141730.0,0.136
2024-07-18 14:58:10+00:00,btc_mxn,1140180.0,1141730.0,0.136
2024-07-18 14:58:11+00:00,btc_mxn,1140180.0,1141730.0,0.136
2024-07-18 14:58:12+00:00,btc_mxn,1140180.0,1141730.0,0.136
2024-07-18 14:58:13+00:00,btc_mxn,1140180.0,1141730.0,0.136
2024-07-18 14:58:14+00:00,btc_mxn,1140180.0,1141730.0,0.136
2024-07-18 14:58:15+00:00,btc_mxn,1140180.0,1141730.0,0.136
2024-07-18 14:58:16+00:00,btc_mxn,1140180.0,1141730.0,0.136
2024-07-18 14:58:17+00:00,btc_mxn,1140180.0,1141730.0,0.136
2024-07-18 14:58:19+00:00,btc_mxn,1140180.0,1141730.0,0.136
2024-07-18 14:58:20+00:00,btc_mxn,1140180.0,1141730.0,0.136
2024-07-18 14:58:21+00:00,btc_mxn,1140180.0,1141730.0,0.136
2024-07-18 14:58:22+00:00,btc_mxn,1140180.0,1141730.0,0.136
2024-07-18 14:58:23+00:00,btc_mxn,1140180.0,1141730.0,0.136
2024-07-18 14:58:24+00:00,btc_mxn,1140180.0,1141730.0,0.136
2024-07-18 14:58:25+00:00,btc_mxn,1140180.0,1141730.0,0.136
2024-07-18 14:58:26+00:00,btc_mxn,1140180.0,1141730.0,0.136
2024-07-18 14:58:27+00:00,btc_mxn,1139740.0,1141730.0,0.174
2024-07-18 14:58:28+00:00,btc_mxn,1139740.0,1141730.0,0.174
2024-07-18 14:58:29+00:00,btc_mxn,1139740.0,1141730.0,0.174
2024-07-18 14:58:30+00:00,btc_mxn,1139740.0,1141730.0,0.174
2024-07-18 14:58:31+00:00,btc_mxn,1139740.0,1141730.0,0.174
2024-07-18 14:58:32+00:00,btc_mxn,1139740.0,1141730.0,0.174
2024-07-18 14:58:33+00:00,btc_mxn,1139740.0,1141730.0,0.174
2024-07-18 14:58:34+00:00,btc_mxn,1139740.0,1141730.0,0.174
2024-07-18 14:58:35+00:00,btc_mxn,1139740.0,1141730.0,0.174
2024-07-18 14:58:36+00:00,btc_mxn,1139740.0,1141730.0,0.174
2024-07-18 14:58:37+00:00,btc_mxn,1139740.0,1141730.0,0.174
2024-07-18 14:58:38+00:00,btc_mxn,1139740.0,1141730.0,0.174
2024-07-18 14:58:39+00:00,btc_mxn,1139740.0,1141730.0,0.174
2024-07-18 14:58:40+00:00,btc_mxn,1139740.0,1141730.0,0.174
2024-07-18 14:58:41+00:00,btc_mxn,1139740.0,1141730.0,0.174
2024-07-18 14:58:42+00:00,btc_mxn,1139740.0,1141730.0,0.174
2024-07-18 14:58:43+00:00,btc_mxn,1139740.0,1141730.0,0.174
2024-07-18 14:58:44+00:00,btc_mxn,1139740.0,1141730.0,0.174
2024-07-18 14:58:45+00:00,btc_mxn,1139740.0,1141730.0,0.174
2024-07-18 14:58:46+00:00,btc_mxn,1139740.0,1141730.0,0.174
2024-07-18 14:58:47+00:00,btc_mxn,1139740.0,1141730.0,0.174
2024-07-18 14:58:48+00:00,btc_mxn,1139740.0,1141730.0,0.174
2024-07-18 14:58:49+00:00,btc_mxn,1139740.0,1141730.0,0.174
2024-07-18 14:58:50+00:00,btc_mxn,1139740.0,1141730.0,0.174
2024-07-18 14:58:51+00:00,btc_mxn,1139740.0,1141730.0,0.174
2024-07-18 14:58:52+00:00,btc_mxn,1139740.0,1141730.0,0.174
2024-07-18 14:58:53+00:00,btc_mxn,1139740.0,1141730.0,0.174
2024-07-18 14:58:54+00:00,btc_mxn,1139740.0,1141730.0,0.174
2024-07-18 14:58:55+00:00,btc_mxn,1139740.0,1141730.0,0.174
2024-07-18 14:58:56+00:00,btc_mxn,1139740.0,1141730.0,0.174
2024-07-18 14:58:57+00:00,btc_mxn,1139740.0,1141730.0,0.174
2024-07-18 14:58:58+00:00,btc_mxn,1139740.0,1141120.0,0.121
2024-07-18 14:58:59+00:00,btc_mxn,1139740.0,1141730.0,0.174
2024-07-18 14:59:00+00:00,btc_mxn,1139740.0,1141730.0,0.174
2024-07-18 14:59:01+00:00,btc_mxn,1139509.98,1141730.0,0.194
2024-07-18 14:59:02+00:00,btc_mxn,1139509.98,1141730.0,0.194
2024-07-18 14:59:03+00:00,btc_mxn,1139509.98,1141730.0,0.194
2024-07-18 14:59:04+00:00,btc_mxn,1139509.98,1141040.0,0.134
2024-07-18 14:59:05+00:00,btc_mxn,1139509.98,1140970.0,0.128
2024-07-18 14:59:06+00:00,btc_mxn,1139509.98,1140970.0,0.128
2024-07-18 14:59:07+00:00,btc_mxn,1139509.98,1140970.0,0.128
2024-07-18 14:59:09+00:00,btc_mxn,1139509.98,1140970.0,0.128
2024-07-18 14:59:09+00:00,btc_mxn,1139509.98,1140970.0,0.128
2024-07-18 14:59:10+00:00,btc_mxn,1139509.98,1140970.0,0.128
2024-07-18 14:59:11+00:00,btc_mxn,1139509.98,1140970.0,0.128
2024-07-18 14:59:12+00:00,btc_mxn,1139509.98,1140970.0,0.128
2024-07-18 14:59:13+00:00,btc_mxn,1139509.98,1140970.0,0.128
2024-07-18 14:59:14+00:00,btc_mxn,1139509.98,1140970.0,0.128
2024-07-18 14:59:15+00:00,btc_mxn,1139509.98,1140970.0,0.128
2024-07-18 14:59:16+00:00,btc_mxn,1139509.98,1140970.0,0.128
2024-07-18 14:59:17+00:00,btc_mxn,1139509.98,1140970.0,0.128
2024-07-18 14:59:18+00:00,btc_mxn,1139509.98,1140970.0,0.128
2024-07-18 14:59:20+00:00,btc_mxn,1139509.98,1140970.0,0.128
2024-07-18 14:59:20+00:00,btc_mxn,1139509.98,1140970.0,0.128
2024-07-18 14:59:21+00:00,btc_mxn,1139509.98,1140970.0,0.128
2024-07-18 14:59:23+00:00,btc_mxn,1139509.98,1140970.0,0.128
2024-07-18 14:59:24+00:00,btc_mxn,1139509.98,1140970.0,0.128
2024-07-18 14:59:25+00:00,btc_mxn,1139509.98,1140970.0,0.128
2024-07-18 14:59:26+00:00,btc_mxn,1139509.98,1140970.0,0.128
2024-07-18 14:59:27+00:00,btc_mxn,1139509.98,1140970.0,0.128
2024-07-18 14:59:28+00:00,btc_mxn,1139509.98,1140970.0,0.128
2024-07-18 14:59:29+00:00,btc_mxn,1139509.98,1140970.0,0.128
2024-07-18 14:59:30+00:00,btc_mxn,1139509.98,1140970.0,0.128
2024-07-18 14:59:31+00:00,btc_mxn,1139509.98,1140970.0,0.128
2024-07-18 14:59:32+00:00,btc_mxn,1139509.98,1140970.0,0.128
2024-07-18 14:59:33+00:00,btc_mxn,1139509.98,1140970.0,0.128
2024-07-18 14:59:34+00:00,btc_mxn,1139509.98,1140970.0,0.128
2024-07-18 14:59:35+00:00,btc_mxn,1139509.98,1140970.0,0.128
2024-07-18 14:59:36+00:00,btc_mxn,1139509.98,1140970.0,0.128
2024-07-18 14:59:37+00:00,btc_mxn,1139509.98,1140970.0,0.128
2024-07-18 14:59:38+00:00,btc_mxn,1139509.98,1140970.0,0.128
2024-07-18 14:59:39+00:00,btc_mxn,1139509.98,1140970.0,0.128
2024-07-18 14:59:40+00:00,btc_mxn,1139509.98,1140970.0,0.128
2024-07-18 14:59:41+00:00,btc_mxn,1139509.98,1140970.0,0.128
2024-07-18 14:59:42+00:00,btc_mxn,1139509.98,1140970.0,0.128
2024-07-18 14:59:43+00:00,btc_mxn,1139509.98,1140970.0,0.128
2024-07-18 14:59:44+00:00,btc_mxn,1139509.98,1140970.0,0.128
2024-07-18 14:59:45+00:00,btc_mxn,1139509.98,1140970.0,0.128
2024-07-18 14:59:46+00:00,btc_mxn,1139509.98,1140970.0,0.128
2024-07-18 14:59:47+00:00,btc_mxn,1139509.98,1140970.0,0.128
2024-07-18 14:59:48+00:00,btc_mxn,1139509.98,1140970.0,0.128
2024-07-18 14:59:49+00:00,btc_mxn,1139509.98,1140970.0,0.128
2024-07-18 14:59:50+00:00,btc_mxn,1139509.98,1140970.0,0.128
2024-07-18 14:59:51+00:00,btc_mxn,1139509.98,1140970.0,0.128
2024-07-18 14:59:52+00:00,btc_mxn,1139509.98,1140970.0,0.128
2024-07-18 14:59:53+00:00,btc_mxn,1139509.98,1140970.0,0.128
2024-07-18 14:59:54+00:00,btc_mxn,1139509.98,1140970.0,0.128
2024-07-18 14:59:55+00:00,btc_mxn,1139509.98,1140970.0,0.128
2024-07-18 14:59:56+00:00,btc_mxn,1139509.98,1140970.0,0.128
2024-07-18 14:59:57+00:00,btc_mxn,1139509.98,1140970.0,0.128
2024-07-18 14:59:58+00:00,btc_mxn,1139509.98,1140970.0,0.128
2024-07-18 14:59:59+00:00,btc_mxn,1139509.98,1140970.0,0.128
2024-07-18 15:00:00+00:00,btc_mxn,1139509.98,1140970.0,0.128
2024-07-18 15:00:01+00:00,btc_mxn,1139509.98,1140970.0,0.128
2024-07-18 15:00:02+00:00,btc_mxn,1139509.98,1140970.0,0.128
2024-07-18 15:00:03+00:00,btc_mxn,1139509.98,1140970.0,0.128
2024-07-18 15:00:04+00:00,btc_mxn,1139509.98,1140970.0,0.128
2024-07-18 15:00:05+00:00,btc_mxn,1139509.98,1141140.0,0.143
2024-07-18 15:00:06+00:00,btc_mxn,1139509.98,1141140.0,0.143
2024-07-18 15:00:07+00:00,btc_mxn,1139509.98,1141140.0,0.143
2024-07-18 15:00:08+00:00,btc_mxn,1139509.98,1141140.0,0.143
2024-07-18 15:00:09+00:00,btc_mxn,1139509.98,1141140.0,0.143
2024-07-18 15:00:10+00:00,btc_mxn,1139509.98,1141140.0,0.143
2024-07-18 15:00:11+00:00,btc_mxn,1139509.98,1141140.0,0.143
2024-07-18 15:00:12+00:00,btc_mxn,1139509.98,1141140.0,0.143
2024-07-18 15:00:13+00:00,btc_mxn,1139509.98,1141140.0,0.143
2024-07-18 15:00:14+00:00,btc_mxn,1139509.98,1141140.0,0.143
2024-07-18 15:00:15+00:00,btc_mxn,1139509.98,1141140.0,0.143
2024-07-18 15:00:16+00:00,btc_mxn,1139509.98,1141140.0,0.143
2024-07-18 15:00:17+00:00,btc_mxn,1139509.98,1141140.0,0.143
2024-07-18 15:00:18+00:00,btc_mxn,1139509.98,1141140.0,0.143
2024-07-18 15:00:19+00:00,btc_mxn,1139509.98,1141140.0,0.143
2024-07-18 15:00:20+00:00,btc_mxn,1139509.98,1141140.0,0.143
2024-07-18 15:00:21+00:00,btc_mxn,1139509.98,1141140.0,0.143
2024-07-18 15:00:22+00:00,btc_mxn,1139509.98,1141140.0,0.143
2024-07-18 15:00:24+00:00,btc_mxn,1139509.98,1141140.0,0.143
2024-07-18 15:00:25+00:00,btc_mxn,1139509.98,1141140.0,0.143
2024-07-18 15:00:26+00:00,btc_mxn,1139509.98,1141140.0,0.143
2024-07-18 15:00:27+00:00,btc_mxn,1139509.98,1141140.0,0.143
2024-07-18 15:00:28+00:00,btc_mxn,1139509.98,1141140.0,0.143
2024-07-18 15:00:29+00:00,btc_mxn,1139509.98,1141140.0,0.143
2024-07-18 15:00:30+00:00,btc_mxn,1139509.98,1141140.0,0.143
2024-07-18 15:00:31+00:00,btc_mxn,1139509.98,1141140.0,0.143
2024-07-18 15:00:32+00:00,btc_mxn,1139509.98,1141140.0,0.143
2024-07-18 15:00:33+00:00,btc_mxn,1139509.98,1141140.0,0.143
2024-07-18 15:00:34+00:00,btc_mxn,1139509.98,1141140.0,0.143
2024-07-18 15:00:35+00:00,btc_mxn,1139509.98,1141140.0,0.143
2024-07-18 15:00:36+00:00,btc_mxn,1139509.98,1141140.0,0.143
2024-07-18 15:00:37+00:00,btc_mxn,1139509.98,1141140.0,0.143
2024-07-18 15:00:38+00:00,btc_mxn,1139509.98,1141140.0,0.143
2024-07-18 15:00:39+00:00,btc_mxn,1139509.98,1141140.0,0.143
2024-07-18 15:00:40+00:00,btc_mxn,1139509.98,1141140.0,0.143
2024-07-18 15:00:41+00:00,btc_mxn,1139509.98,1141140.0,0.143
2024-07-18 15:00:42+00:00,btc_mxn,1139509.98,1141140.0,0.143
2024-07-18 15:00:43+00:00,btc_mxn,1139509.98,1141140.0,0.143
2024-07-18 15:00:44+00:00,btc_mxn,1139509.98,1141140.0,0.143
2024-07-18 15:00:45+00:00,btc_mxn,1139509.98,1141140.0,0.143
2024-07-18 15:00:46+00:00,btc_mxn,1139509.98,1141140.0,0.143
2024-07-18 15:00:47+00:00,btc_mxn,1139509.98,1141140.0,0.143
2024-07-18 15:00:48+00:00,btc_mxn,1139509.98,1141140.0,0.143
2024-07-18 15:00:49+00:00,btc_mxn,1139509.98,1141140.0,0.143
2024-07-18 15:00:50+00:00,btc_mxn,1139509.98,1141140.0,0.143
2024-07-18 15:00:51+00:00,btc_mxn,1139509.98,1141140.0,0.143
2024-07-18 15:00:52+00:00,btc_mxn,1139509.98,1141140.0,0.143
2024-07-18 15:00:53+00:00,btc_mxn,1139509.98,1141140.0,0.143
2024-07-18 15:00:54+00:00,btc_mxn,1139509.98,1141140.0,0.143
2024-07-18 15:00:55+00:00,btc_mxn,1139509.98,1141140.0,0.143
2024-07-18 15:00:56+00:00,btc_mxn,1139509.98,1141140.0,0.143
2024-07-18 15:00:57+00:00,btc_mxn,1139509.98,1141140.0,0.143
2024-07-18 15:00:58+00:00,btc_mxn,1139509.98,1140110.0,0.053
2024-07-18 15:00:59+00:00,btc_mxn,1139509.98,1140110.0,0.053
2024-07-18 15:01:00+00:00,btc_mxn,1139509.98,1140090.0,0.051
2024-07-18 15:01:01+00:00,btc_mxn,1139509.98,1140070.0,0.049
2024-07-18 15:01:02+00:00,btc_mxn,1139509.98,1140070.0,0.049
2024-07-18 15:01:03+00:00,btc_mxn,1139509.98,1140070.0,0.049
2024-07-18 15:01:04+00:00,btc_mxn,1139509.98,1140070.0,0.049
2024-07-18 15:01:05+00:00,btc_mxn,1139509.98,1140070.0,0.049
2024-07-18 15:01:06+00:00,btc_mxn,1139509.98,1140100.0,0.052
2024-07-18 15:01:07+00:00,btc_mxn,1136759.98,1136760.02,0.0
2024-07-18 15:01:08+00:00,btc_mxn,1136759.98,1136760.02,0.0
2024-07-18 15:01:09+00:00,btc_mxn,1136759.98,1136760.02,0.0
2024-07-18 15:01:10+00:00,btc_mxn,1136759.98,1136760.02,0.0
2024-07-18 15:01:11+00:00,btc_mxn,1136759.98,1136760.02,0.0
2024-07-18 15:01:12+00:00,btc_mxn,1136759.98,1136760.02,0.0
2024-07-18 15:01:13+00:00,btc_mxn,1136759.98,1136760.02,0.0
2024-07-18 15:01:14+00:00,btc_mxn,1136759.98,1136760.02,0.0
2024-07-18 15:01:15+00:00,btc_mxn,1136759.98,1136760.02,0.0
2024-07-18 15:01:17+00:00,btc_mxn,1136759.98,1136760.02,0.0
2024-07-18 15:01:18+00:00,btc_mxn,1136759.98,1136760.02,0.0
2024-07-18 15:01:19+00:00,btc_mxn,1136759.98,1136760.02,0.0
2024-07-18 15:01:20+00:00,btc_mxn,1136759.98,1136760.02,0.0
2024-07-18 15:01:21+00:00,btc_mxn,1136759.98,1136760.02,0.0
2024-07-18 15:01:22+00:00,btc_mxn,1136759.98,1136760.02,0.0
2024-07-18 15:01:23+00:00,btc_mxn,1136759.98,1136760.02,0.0
2024-07-18 15:01:24+00:00,btc_mxn,1136759.98,1136760.02,0.0
2024-07-18 15:01:25+00:00,btc_mxn,1136759.98,1136760.02,0.0
2024-07-18 15:01:26+00:00,btc_mxn,1136759.98,1136760.02,0.0
2024-07-18 15:01:27+00:00,btc_mxn,1136759.98,1136760.02,0.0
2024-07-18 15:01:28+00:00,btc_mxn,1136759.98,1136760.02,0.0
2024-07-18 15:01:29+00:00,btc_mxn,1136759.98,1136760.02,0.0
2024-07-18 15:01:30+00:00,btc_mxn,1136759.98,1136760.02,0.0
2024-07-18 15:01:31+00:00,btc_mxn,1136759.98,1136760.02,0.0
2024-07-18 15:01:32+00:00,btc_mxn,1136759.98,1136760.02,0.0
2024-07-18 15:01:33+00:00,btc_mxn,1136759.98,1136760.02,0.0
2024-07-18 15:01:34+00:00,btc_mxn,1136759.98,1136760.02,0.0
2024-07-18 15:01:35+00:00,btc_mxn,1136759.98,1136760.02,0.0
2024-07-18 15:01:36+00:00,btc_mxn,1136759.98,1136760.02,0.0
2024-07-18 15:01:37+00:00,btc_mxn,1136759.98,1136760.02,0.0
2024-07-18 15:01:38+00:00,btc_mxn,1136759.98,1136760.02,0.0
2024-07-18 15:01:39+00:00,btc_mxn,1136759.98,1136760.02,0.0
2024-07-18 15:01:40+00:00,btc_mxn,1136759.98,1136760.02,0.0
2024-07-18 15:01:41+00:00,btc_mxn,1136759.98,1136760.02,0.0
2024-07-18 15:01:42+00:00,btc_mxn,1136759.98,1136760.02,0.0
2024-07-18 15:01:43+00:00,btc_mxn,1136759.98,1136760.02,0.0
2024-07-18 15:01:44+00:00,btc_mxn,1136759.98,1136760.02,0.0
2024-07-18 15:01:45+00:00,btc_mxn,1136759.98,1136760.02,0.0
2024-07-18 15:01:46+00:00,btc_mxn,1136759.98,1136760.02,0.0
2024-07-18 15:01:47+00:00,btc_mxn,1136759.98,1136760.02,0.0
2024-07-18 15:01:48+00:00,btc_mxn,1136759.98,1136760.02,0.0
2024-07-18 15:01:49+00:00,btc_mxn,1136759.98,1136760.02,0.0
2024-07-18 15:01:50+00:00,btc_mxn,1136759.98,1136760.02,0.0
2024-07-18 15:01:51+00:00,btc_mxn,1136759.98,1136760.02,0.0
2024-07-18 15:01:52+00:00,btc_mxn,1136759.98,1136760.02,0.0
2024-07-18 15:01:53+00:00,btc_mxn,1136759.98,1136760.02,0.0
2024-07-18 15:01:54+00:00,btc_mxn,1136759.98,1136760.02,0.0
2024-07-18 15:01:55+00:00,btc_mxn,1136759.98,1136760.02,0.0
2024-07-18 15:01:56+00:00,btc_mxn,1136759.98,1136760.02,0.0
2024-07-18 15:01:57+00:00,btc_mxn,1136759.98,1136760.02,0.0
2024-07-18 15:01:58+00:00,btc_mxn,1136759.98,1136760.02,0.0
2024-07-18 15:02:00+00:00,btc_mxn,1136759.98,1136760.02,0.0
2024-07-18 15:02:00+00:00,btc_mxn,1136759.98,1136760.02,0.0
2024-07-18 15:02:01+00:00,btc_mxn,1136759.98,1136760.02,0.0
2024-07-18 15:02:02+00:00,btc_mxn,1136759.98,1136760.02,0.0
2024-07-18 15:02:03+00:00,btc_mxn,1136759.98,1136760.02,0.0
2024-07-18 15:02:04+00:00,btc_mxn,1136759.98,1136760.02,0.0
2024-07-18 15:02:05+00:00,btc_mxn,1136759.98,1136760.02,0.0
2024-07-18 15:02:06+00:00,btc_mxn,1136759.98,1136760.02,0.0
2024-07-18 15:02:07+00:00,btc_mxn,1136759.98,1136760.02,0.0
2024-07-18 15:02:08+00:00,btc_mxn,1136759.98,1136760.02,0.0
2024-07-18 15:02:10+00:00,btc_mxn,1136759.98,1136760.02,0.0
2024-07-18 15:02:11+00:00,btc_mxn,1136759.98,1136760.02,0.0
2024-07-18 15:02:12+00:00,btc_mxn,1136759.98,1136760.02,0.0
2024-07-18 15:02:13+00:00,btc_mxn,1136759.98,1136760.02,0.0
2024-07-18 15:02:14+00:00,btc_mxn,1136759.98,1136760.02,0.0
2024-07-18 15:02:15+00:00,btc_mxn,1136759.98,1136760.02,0.0
2024-07-18 15:02:16+00:00,btc_mxn,1136759.98,1136760.02,0.0
2024-07-18 15:02:17+00:00,btc_mxn,1136759.98,1136760.02,0.0
2024-07-18 15:02:18+00:00,btc_mxn,1136759.98,1136760.02,0.0
2024-07-18 15:02:19+00:00,btc_mxn,1136759.98,1136760.02,0.0
2024-07-18 15:02:20+00:00,btc_mxn,1136759.98,1136760.02,0.0
2024-07-18 15:02:21+00:00,btc_mxn,1136759.98,1136760.02,0.0
2024-07-18 15:02:22+00:00,btc_mxn,1136759.98,1136760.02,0.0
2024-07-18 15:02:23+00:00,btc_mxn,1136759.98,1136760.02,0.0
2024-07-18 15:02:24+00:00,btc_mxn,1137600.0,1139800.0,0.193
2024-07-18 15:02:25+00:00,btc_mxn,1137600.0,1139800.0,0.193
2024-07-18 15:02:26+00:00,btc_mxn,1137600.0,1139800.0,0.193
2024-07-18 15:02:27+00:00,btc_mxn,1137600.0,1139800.0,0.193
2024-07-18 15:02:28+00:00,btc_mxn,1137600.0,1139800.0,0.193
2024-07-18 15:02:29+00:00,btc_mxn,1137600.0,1139800.0,0.193
2024-07-18 15:02:30+00:00,btc_mxn,1137600.0,1139800.0,0.193
2024-07-18 15:02:31+00:00,btc_mxn,1137600.0,1139800.0,0.193
2024-07-18 15:02:32+00:00,btc_mxn,1137600.0,1139800.0,0.193
2024-07-18 15:02:33+00:00,btc_mxn,1137600.0,1139800.0,0.193
2024-07-18 15:02:34+00:00,btc_mxn,1137600.0,1139800.0,0.193
2024-07-18 15:02:35+00:00,btc_mxn,1137600.0,1139800.0,0.193
2024-07-18 15:02:36+00:00,btc_mxn,1137600.0,1139800.0,0.193
2024-07-18 15:02:37+00:00,btc_mxn,1137600.0,1139800.0,0.193
2024-07-18 15:02:38+00:00,btc_mxn,1137600.0,1139800.0,0.193
2024-07-18 15:02:39+00:00,btc_mxn,1137600.0,1139800.0,0.193
2024-07-18 15:02:40+00:00,btc_mxn,1137600.0,1139800.0,0.193
2024-07-18 15:02:41+00:00,btc_mxn,1137600.0,1139800.0,0.193
2024-07-18 15:02:43+00:00,btc_mxn,1137600.0,1139800.0,0.193
2024-07-18 15:02:43+00:00,btc_mxn,1137600.0,1139800.0,0.193
2024-07-18 15:02:44+00:00,btc_mxn,1137600.0,1139800.0,0.193
2024-07-18 15:02:45+00:00,btc_mxn,1137600.0,1139800.0,0.193
2024-07-18 15:02:46+00:00,btc_mxn,1137600.0,1139800.0,0.193
2024-07-18 15:02:47+00:00,btc_mxn,1137600.0,1139800.0,0.193
2024-07-18 15:02:48+00:00,btc_mxn,1137600.0,1139800.0,0.193
2024-07-18 15:02:49+00:00,btc_mxn,1137600.0,1139800.0,0.193
2024-07-18 15:02:50+00:00,btc_mxn,1137600.0,1139800.0,0.193
2024-07-18 15:02:52+00:00,btc_mxn,1137600.0,1139800.0,0.193
2024-07-18 15:02:53+00:00,btc_mxn,1137600.0,1139800.0,0.193
2024-07-18 15:02:54+00:00,btc_mxn,1137600.0,1139800.0,0.193
2024-07-18 15:02:55+00:00,btc_mxn,1137600.0,1139800.0,0.193
2024-07-18 15:02:56+00:00,btc_mxn,1137600.0,1139800.0,0.193
2024-07-18 15:02:57+00:00,btc_mxn,1137600.0,1139800.0,0.193
2024-07-18 15:02:58+00:00,btc_mxn,1137600.0,1139800.0,0.193
2024-07-18 15:02:59+00:00,btc_mxn,1137600.0,1139800.0,0.193
2024-07-18 15:03:00+00:00,btc_mxn,1137600.0,1139800.0,0.193
2024-07-18 15:03:01+00:00,btc_mxn,1138110.0,1139800.0,0.148
2024-07-18 15:03:02+00:00,btc_mxn,1138110.0,1139800.0,0.148
2024-07-18 15:03:03+00:00,btc_mxn,1138110.0,1139800.0,0.148
2024-07-18 15:03:04+00:00,btc_mxn,1138110.0,1139800.0,0.148
2024-07-18 15:03:05+00:00,btc_mxn,1138110.0,1139800.0,0.148
2024-07-18 15:03:06+00:00,btc_mxn,1138110.0,1139800.0,0.148
2024-07-18 15:03:07+00:00,btc_mxn,1138110.0,1139800.0,0.148
2024-07-18 15:03:08+00:00,btc_mxn,1138120.0,1139800.0,0.147
2024-07-18 15:03:09+00:00,btc_mxn,1138120.0,1139800.0,0.147
2024-07-18 15:03:10+00:00,btc_mxn,1138120.0,1139800.0,0.147
2024-07-18 15:03:11+00:00,btc_mxn,1138120.0,1139800.0,0.147
2024-07-18 15:03:12+00:00,btc_mxn,1138120.0,1139800.0,0.147
2024-07-18 15:03:13+00:00,btc_mxn,1138120.0,1139800.0,0.147
2024-07-18 15:03:14+00:00,btc_mxn,1138120.0,1139800.0,0.147
2024-07-18 15:03:15+00:00,btc_mxn,1138120.0,1139800.0,0.147
2024-07-18 15:03:16+00:00,btc_mxn,1138120.0,1139800.0,0.147
2024-07-18 15:03:17+00:00,btc_mxn,1138120.0,1139800.0,0.147
2024-07-18 15:03:18+00:00,btc_mxn,1138120.0,1139800.0,0.147
2024-07-18 15:03:19+00:00,btc_mxn,1138120.0,1139800.0,0.147
2024-07-18 15:03:20+00:00,btc_mxn,1138120.0,1139800.0,0.147
2024-07-18 15:03:21+00:00,btc_mxn,1138120.0,1139800.0,0.147
2024-07-18 15:03:22+00:00,btc_mxn,1138120.0,1139800.0,0.147
2024-07-18 15:03:23+00:00,btc_mxn,1138120.0,1139800.0,0.147
