orderbook_timestamp,book,bid,ask,spread
2024-07-18 15:37:00+00:00,usd_mxn,17.81,17.82,0.056
2024-07-18 15:37:01+00:00,usd_mxn,17.81,17.82,0.056
2024-07-18 15:37:02+00:00,usd_mxn,17.81,17.82,0.056
2024-07-18 15:37:03+00:00,usd_mxn,17.81,17.82,0.056
2024-07-18 15:37:04+00:00,usd_mxn,17.81,17.82,0.056
2024-07-18 15:37:05+00:00,usd_mxn,17.81,17.82,0.056
2024-07-18 15:37:06+00:00,usd_mxn,17.81,17.82,0.056
2024-07-18 15:37:07+00:00,usd_mxn,17.81,17.82,0.056
2024-07-18 15:37:08+00:00,usd_mxn,17.81,17.82,0.056
2024-07-18 15:37:09+00:00,usd_mxn,17.81,17.82,0.056
2024-07-18 15:37:10+00:00,usd_mxn,17.81,17.82,0.056
2024-07-18 15:37:11+00:00,usd_mxn,17.81,17.82,0.056
2024-07-18 15:37:12+00:00,usd_mxn,17.81,17.82,0.056
2024-07-18 15:37:13+00:00,usd_mxn,17.81,17.82,0.056
2024-07-18 15:37:14+00:00,usd_mxn,17.81,17.82,0.056
2024-07-18 15:37:15+00:00,usd_mxn,17.81,17.82,0.056
2024-07-18 15:37:16+00:00,usd_mxn,17.81,17.82,0.056
2024-07-18 15:37:17+00:00,usd_mxn,17.81,17.82,0.056
2024-07-18 15:37:18+00:00,usd_mxn,17.81,17.82,0.056
2024-07-18 15:37:19+00:00,usd_mxn,17.81,17.82,0.056
2024-07-18 15:37:20+00:00,usd_mxn,17.81,17.82,0.056
2024-07-18 15:37:21+00:00,usd_mxn,17.81,17.82,0.056
2024-07-18 15:37:22+00:00,usd_mxn,17.81,17.82,0.056
2024-07-18 15:37:23+00:00,usd_mxn,17.81,17.82,0.056
2024-07-18 15:37:24+00:00,usd_mxn,17.81,17.82,0.056
2024-07-18 15:37:25+00:00,usd_mxn,17.81,17.82,0.056
2024-07-18 15:37:26+00:00,usd_mxn,17.81,17.82,0.056
2024-07-18 15:37:27+00:00,usd_mxn,17.81,17.82,0.056
2024-07-18 15:37:29+00:00,usd_mxn,17.81,17.82,0.056
2024-07-18 15:37:30+00:00,usd_mxn,17.81,17.82,0.056
2024-07-18 15:37:31+00:00,usd_mxn,17.81,17.82,0.056
2024-07-18 15:37:32+00:00,usd_mxn,17.81,17.82,0.056
2024-07-18 15:37:33+00:00,usd_mxn,17.81,17.82,0.056
2024-07-18 15:37:34+00:00,usd_mxn,17.81,17.82,0.056
2024-07-18 15:37:35+00:00,usd_mxn,17.81,17.82,0.056
2024-07-18 15:37:36+00:00,usd_mxn,17.81,17.82,0.056
2024-07-18 15:37:37+00:00,usd_mxn,17.81,17.82,0.056
2024-07-18 15:37:38+00:00,usd_mxn,17.81,17.82,0.056
2024-07-18 15:37:39+00:00,usd_mxn,17.81,17.82,0.056
2024-07-18 15:37:40+00:00,usd_mxn,17.81,17.82,0.056
2024-07-18 15:37:41+00:00,usd_mxn,17.81,17.82,0.056
2024-07-18 15:37:42+00:00,usd_mxn,17.81,17.82,0.056
2024-07-18 15:37:43+00:00,usd_mxn,17.81,17.82,0.056
2024-07-18 15:37:44+00:00,usd_mxn,17.81,17.82,0.056
2024-07-18 15:37:45+00:00,usd_mxn,17.81,17.82,0.056
2024-07-18 15:37:46+00:00,usd_mxn,17.81,17.82,0.056
2024-07-18 15:37:47+00:00,usd_mxn,17.81,17.82,0.056
2024-07-18 15:37:48+00:00,usd_mxn,17.81,17.82,0.056
2024-07-18 15:37:49+00:00,usd_mxn,17.81,17.82,0.056
2024-07-18 15:37:50+00:00,usd_mxn,17.81,17.82,0.056
2024-07-18 15:37:51+00:00,usd_mxn,17.81,17.82,0.056
2024-07-18 15:37:52+00:00,usd_mxn,17.81,17.82,0.056
2024-07-18 15:37:53+00:00,usd_mxn,17.81,17.82,0.056
2024-07-18 15:37:54+00:00,usd_mxn,17.81,17.82,0.056
2024-07-18 15:37:55+00:00,usd_mxn,17.81,17.82,0.056
2024-07-18 15:37:56+00:00,usd_mxn,17.81,17.82,0.056
2024-07-18 15:37:57+00:00,usd_mxn,17.81,17.82,0.056
2024-07-18 15:37:58+00:00,usd_mxn,17.81,17.82,0.056
2024-07-18 15:37:59+00:00,usd_mxn,17.81,17.82,0.056
2024-07-18 15:38:00+00:00,usd_mxn,17.81,17.82,0.056
2024-07-18 15:38:01+00:00,usd_mxn,17.81,17.82,0.056
2024-07-18 15:38:02+00:00,usd_mxn,17.81,17.82,0.056
2024-07-18 15:38:03+00:00,usd_mxn,17.81,17.82,0.056
2024-07-18 15:38:04+00:00,usd_mxn,17.81,17.82,0.056
2024-07-18 15:38:05+00:00,usd_mxn,17.81,17.82,0.056
2024-07-18 15:38:06+00:00,usd_mxn,17.81,17.82,0.056
2024-07-18 15:38:07+00:00,usd_mxn,17.81,17.82,0.056
2024-07-18 15:38:08+00:00,usd_mxn,17.81,17.82,0.056
2024-07-18 15:38:09+00:00,usd_mxn,17.81,17.82,0.056
2024-07-18 15:38:10+00:00,usd_mxn,17.81,17.82,0.056
2024-07-18 15:38:11+00:00,usd_mxn,17.81,17.82,0.056
2024-07-18 15:38:12+00:00,usd_mxn,17.81,17.82,0.056
2024-07-18 15:38:13+00:00,usd_mxn,17.81,17.82,0.056
2024-07-18 15:38:14+00:00,usd_mxn,17.81,17.82,0.056
2024-07-18 15:38:15+00:00,usd_mxn,17.81,17.82,0.056
2024-07-18 15:38:16+00:00,usd_mxn,17.81,17.82,0.056
2024-07-18 15:38:17+00:00,usd_mxn,17.81,17.82,0.056
2024-07-18 15:38:18+00:00,usd_mxn,17.81,17.82,0.056
2024-07-18 15:38:19+00:00,usd_mxn,17.81,17.82,0.056
2024-07-18 15:38:20+00:00,usd_mxn,17.81,17.82,0.056
2024-07-18 15:38:21+00:00,usd_mxn,17.81,17.82,0.056
2024-07-18 15:38:22+00:00,usd_mxn,17.81,17.82,0.056
2024-07-18 15:38:23+00:00,usd_mxn,17.81,17.82,0.056
2024-07-18 15:38:24+00:00,usd_mxn,17.81,17.82,0.056
2024-07-18 15:38:25+00:00,usd_mxn,17.81,17.82,0.056
2024-07-18 15:38:26+00:00,usd_mxn,17.81,17.82,0.056
2024-07-18 15:38:27+00:00,usd_mxn,17.81,17.82,0.056
2024-07-18 15:38:28+00:00,usd_mxn,17.81,17.82,0.056
2024-07-18 15:38:29+00:00,usd_mxn,17.81,17.82,0.056
2024-07-18 15:38:30+00:00,usd_mxn,17.81,17.82,0.056
2024-07-18 15:38:31+00:00,usd_mxn,17.81,17.82,0.056
2024-07-18 15:38:32+00:00,usd_mxn,17.81,17.82,0.056
2024-07-18 15:38:33+00:00,usd_mxn,17.81,17.82,0.056
2024-07-18 15:38:34+00:00,usd_mxn,17.81,17.82,0.056
2024-07-18 15:38:35+00:00,usd_mxn,17.81,17.82,0.056
2024-07-18 15:38:37+00:00,usd_mxn,17.81,17.82,0.056
2024-07-18 15:38:38+00:00,usd_mxn,17.81,17.82,0.056
2024-07-18 15:38:39+00:00,usd_mxn,17.81,17.82,0.056
2024-07-18 15:38:40+00:00,usd_mxn,17.81,17.82,0.056
2024-07-18 15:38:41+00:00,usd_mxn,17.81,17.82,0.056
2024-07-18 15:38:42+00:00,usd_mxn,17.81,17.82,0.056
2024-07-18 15:38:43+00:00,usd_mxn,17.81,17.82,0.056
2024-07-18 15:38:44+00:00,usd_mxn,17.81,17.82,0.056
2024-07-18 15:38:45+00:00,usd_mxn,17.81,17.82,0.056
2024-07-18 15:38:46+00:00,usd_mxn,17.81,17.82,0.056
2024-07-18 15:38:47+00:00,usd_mxn,17.81,17.82,0.056
2024-07-18 15:38:48+00:00,usd_mxn,17.81,17.82,0.056
2024-07-18 15:38:49+00:00,usd_mxn,17.81,17.82,0.056
2024-07-18 15:38:50+00:00,usd_mxn,17.81,17.82,0.056
2024-07-18 15:38:51+00:00,usd_mxn,17.81,17.82,0.056
2024-07-18 15:38:52+00:00,usd_mxn,17.81,17.82,0.056
2024-07-18 15:38:53+00:00,usd_mxn,17.81,17.82,0.056
2024-07-18 15:38:54+00:00,usd_mxn,17.81,17.82,0.056
2024-07-18 15:38:55+00:00,usd_mxn,17.81,17.82,0.056
2024-07-18 15:38:56+00:00,usd_mxn,17.81,17.82,0.056
2024-07-18 15:38:57+00:00,usd_mxn,17.81,17.82,0.056
2024-07-18 15:38:58+00:00,usd_mxn,17.81,17.82,0.056
2024-07-18 15:38:59+00:00,usd_mxn,17.81,17.82,0.056
2024-07-18 15:39:00+00:00,usd_mxn,17.81,17.82,0.056
2024-07-18 15:39:01+00:00,usd_mxn,17.81,17.82,0.056
2024-07-18 15:39:02+00:00,usd_mxn,17.81,17.82,0.056
2024-07-18 15:39:03+00:00,usd_mxn,17.81,17.82,0.056
2024-07-18 15:39:04+00:00,usd_mxn,17.81,17.82,0.056
2024-07-18 15:39:05+00:00,usd_mxn,17.81,17.82,0.056
2024-07-18 15:39:06+00:00,usd_mxn,17.81,17.82,0.056
2024-07-18 15:39:07+00:00,usd_mxn,17.81,17.82,0.056
2024-07-18 15:39:08+00:00,usd_mxn,17.81,17.82,0.056
2024-07-18 15:39:09+00:00,usd_mxn,17.81,17.82,0.056
2024-07-18 15:39:10+00:00,usd_mxn,17.81,17.82,0.056
2024-07-18 15:39:11+00:00,usd_mxn,17.81,17.82,0.056
2024-07-18 15:39:12+00:00,usd_mxn,17.81,17.82,0.056
2024-07-18 15:39:13+00:00,usd_mxn,17.81,17.82,0.056
2024-07-18 15:39:14+00:00,usd_mxn,17.81,17.82,0.056
2024-07-18 15:39:15+00:00,usd_mxn,17.81,17.82,0.056
2024-07-18 15:39:16+00:00,usd_mxn,17.81,17.82,0.056
2024-07-18 15:39:17+00:00,usd_mxn,17.81,17.82,0.056
2024-07-18 15:39:18+00:00,usd_mxn,17.81,17.82,0.056
2024-07-18 15:39:19+00:00,usd_mxn,17.81,17.82,0.056
2024-07-18 15:39:20+00:00,usd_mxn,17.81,17.82,0.056
2024-07-18 15:39:21+00:00,usd_mxn,17.81,17.82,0.056
2024-07-18 15:39:22+00:00,usd_mxn,17.81,17.82,0.056
2024-07-18 15:39:23+00:00,usd_mxn,17.81,17.82,0.056
2024-07-18 15:39:24+00:00,usd_mxn,17.81,17.82,0.056
2024-07-18 15:39:25+00:00,usd_mxn,17.81,17.82,0.056
2024-07-18 15:39:27+00:00,usd_mxn,17.81,17.82,0.056
2024-07-18 15:39:27+00:00,usd_mxn,17.81,17.82,0.056
2024-07-18 15:39:28+00:00,usd_mxn,17.81,17.82,0.056
2024-07-18 15:39:29+00:00,usd_mxn,17.81,17.82,0.056
2024-07-18 15:39:30+00:00,usd_mxn,17.81,17.82,0.056
2024-07-18 15:39:31+00:00,usd_mxn,17.81,17.82,0.056
2024-07-18 15:39:32+00:00,usd_mxn,17.81,17.82,0.056
2024-07-18 15:39:33+00:00,usd_mxn,17.81,17.82,0.056
2024-07-18 15:39:34+00:00,usd_mxn,17.81,17.82,0.056
2024-07-18 15:39:35+00:00,usd_mxn,17.81,17.82,0.056
2024-07-18 15:39:36+00:00,usd_mxn,17.81,17.82,0.056
2024-07-18 15:39:37+00:00,usd_mxn,17.81,17.82,0.056
2024-07-18 15:39:38+00:00,usd_mxn,17.81,17.82,0.056
2024-07-18 15:39:39+00:00,usd_mxn,17.81,17.82,0.056
2024-07-18 15:39:41+00:00,usd_mxn,17.81,17.82,0.056
2024-07-18 15:39:42+00:00,usd_mxn,17.81,17.82,0.056
2024-07-18 15:39:43+00:00,usd_mxn,17.81,17.82,0.056
2024-07-18 15:39:44+00:00,usd_mxn,17.81,17.82,0.056
2024-07-18 15:39:45+00:00,usd_mxn,17.81,17.82,0.056
2024-07-18 15:39:46+00:00,usd_mxn,17.81,17.82,0.056
2024-07-18 15:39:47+00:00,usd_mxn,17.81,17.82,0.056
2024-07-18 15:39:48+00:00,usd_mxn,17.81,17.82,0.056
2024-07-18 15:39:49+00:00,usd_mxn,17.81,17.82,0.056
2024-07-18 15:39:50+00:00,usd_mxn,17.81,17.82,0.056
2024-07-18 15:39:51+00:00,usd_mxn,17.81,17.82,0.056
2024-07-18 15:39:52+00:00,usd_mxn,17.81,17.82,0.056
2024-07-18 15:39:53+00:00,usd_mxn,17.81,17.82,0.056
2024-07-18 15:39:54+00:00,usd_mxn,17.81,17.82,0.056
2024-07-18 15:39:55+00:00,usd_mxn,17.81,17.82,0.056
2024-07-18 15:39:56+00:00,usd_mxn,17.81,17.82,0.056
2024-07-18 15:39:57+00:00,usd_mxn,17.81,17.82,0.056
2024-07-18 15:39:58+00:00,usd_mxn,17.81,17.82,0.056
2024-07-18 15:39:59+00:00,usd_mxn,17.81,17.82,0.056
2024-07-18 15:40:00+00:00,usd_mxn,17.81,17.82,0.056
2024-07-18 15:40:01+00:00,usd_mxn,17.81,17.82,0.056
2024-07-18 15:40:02+00:00,usd_mxn,17.81,17.82,0.056
2024-07-18 15:40:03+00:00,usd_mxn,17.81,17.82,0.056
2024-07-18 15:40:04+00:00,usd_mxn,17.81,17.82,0.056
2024-07-18 15:40:05+00:00,usd_mxn,17.81,17.82,0.056
2024-07-18 15:40:06+00:00,usd_mxn,17.81,17.82,0.056
2024-07-18 15:40:07+00:00,usd_mxn,17.81,17.82,0.056
2024-07-18 15:40:08+00:00,usd_mxn,17.81,17.82,0.056
2024-07-18 15:40:09+00:00,usd_mxn,17.81,17.82,0.056
2024-07-18 15:40:10+00:00,usd_mxn,17.81,17.82,0.056
2024-07-18 15:40:11+00:00,usd_mxn,17.81,17.82,0.056
2024-07-18 15:40:12+00:00,usd_mxn,17.81,17.82,0.056
2024-07-18 15:40:13+00:00,usd_mxn,17.81,17.82,0.056
2024-07-18 15:40:14+00:00,usd_mxn,17.81,17.82,0.056
2024-07-18 15:40:15+00:00,usd_mxn,17.81,17.82,0.056
2024-07-18 15:40:16+00:00,usd_mxn,17.81,17.82,0.056
2024-07-18 15:40:17+00:00,usd_mxn,17.81,17.82,0.056
2024-07-18 15:40:18+00:00,usd_mxn,17.81,17.82,0.056
2024-07-18 15:40:19+00:00,usd_mxn,17.81,17.82,0.056
2024-07-18 15:40:20+00:00,usd_mxn,17.81,17.82,0.056
2024-07-18 15:40:21+00:00,usd_mxn,17.81,17.82,0.056
2024-07-18 15:40:22+00:00,usd_mxn,17.81,17.82,0.056
2024-07-18 15:40:23+00:00,usd_mxn,17.81,17.82,0.056
2024-07-18 15:40:24+00:00,usd_mxn,17.81,17.82,0.056
2024-07-18 15:40:25+00:00,usd_mxn,17.81,17.82,0.056
2024-07-18 15:40:26+00:00,usd_mxn,17.81,17.82,0.056
2024-07-18 15:40:27+00:00,usd_mxn,17.81,17.82,0.056
2024-07-18 15:40:28+00:00,usd_mxn,17.81,17.82,0.056
2024-07-18 15:40:29+00:00,usd_mxn,17.81,17.82,0.056
2024-07-18 15:40:30+00:00,usd_mxn,17.81,17.82,0.056
2024-07-18 15:40:31+00:00,usd_mxn,17.81,17.82,0.056
2024-07-18 15:40:32+00:00,usd_mxn,17.81,17.82,0.056
2024-07-18 15:40:33+00:00,usd_mxn,17.81,17.82,0.056
2024-07-18 15:40:34+00:00,usd_mxn,17.81,17.82,0.056
2024-07-18 15:40:35+00:00,usd_mxn,17.81,17.82,0.056
2024-07-18 15:40:36+00:00,usd_mxn,17.81,17.82,0.056
2024-07-18 15:40:37+00:00,usd_mxn,17.81,17.82,0.056
2024-07-18 15:40:39+00:00,usd_mxn,17.81,17.82,0.056
2024-07-18 15:40:40+00:00,usd_mxn,17.81,17.82,0.056
2024-07-18 15:40:41+00:00,usd_mxn,17.81,17.82,0.056
2024-07-18 15:40:42+00:00,usd_mxn,17.81,17.82,0.056
2024-07-18 15:40:43+00:00,usd_mxn,17.81,17.82,0.056
2024-07-18 15:40:44+00:00,usd_mxn,17.81,17.82,0.056
2024-07-18 15:40:45+00:00,usd_mxn,17.81,17.82,0.056
2024-07-18 15:40:46+00:00,usd_mxn,17.81,17.82,0.056
2024-07-18 15:40:47+00:00,usd_mxn,17.81,17.82,0.056
2024-07-18 15:40:48+00:00,usd_mxn,17.81,17.82,0.056
2024-07-18 15:40:49+00:00,usd_mxn,17.81,17.82,0.056
2024-07-18 15:40:50+00:00,usd_mxn,17.81,17.82,0.056
2024-07-18 15:40:51+00:00,usd_mxn,17.81,17.82,0.056
2024-07-18 15:40:52+00:00,usd_mxn,17.81,17.82,0.056
2024-07-18 15:40:53+00:00,usd_mxn,17.81,17.82,0.056
2024-07-18 15:40:54+00:00,usd_mxn,17.81,17.82,0.056
2024-07-18 15:40:55+00:00,usd_mxn,17.81,17.82,0.056
2024-07-18 15:40:56+00:00,usd_mxn,17.81,17.82,0.056
2024-07-18 15:40:57+00:00,usd_mxn,17.81,17.82,0.056
2024-07-18 15:40:58+00:00,usd_mxn,17.81,17.82,0.056
2024-07-18 15:40:59+00:00,usd_mxn,17.81,17.82,0.056
2024-07-18 15:41:00+00:00,usd_mxn,17.81,17.82,0.056
2024-07-18 15:41:01+00:00,usd_mxn,17.81,17.82,0.056
2024-07-18 15:41:02+00:00,usd_mxn,17.81,17.82,0.056
2024-07-18 15:41:03+00:00,usd_mxn,17.81,17.82,0.056
2024-07-18 15:41:04+00:00,usd_mxn,17.81,17.82,0.056
2024-07-18 15:41:05+00:00,usd_mxn,17.81,17.82,0.056
2024-07-18 15:41:06+00:00,usd_mxn,17.81,17.82,0.056
2024-07-18 15:41:07+00:00,usd_mxn,17.81,17.82,0.056
2024-07-18 15:41:08+00:00,usd_mxn,17.81,17.82,0.056
2024-07-18 15:41:09+00:00,usd_mxn,17.81,17.82,0.056
2024-07-18 15:41:10+00:00,usd_mxn,17.81,17.82,0.056
2024-07-18 15:41:11+00:00,usd_mxn,17.81,17.82,0.056
2024-07-18 15:41:12+00:00,usd_mxn,17.81,17.82,0.056
2024-07-18 15:41:13+00:00,usd_mxn,17.81,17.82,0.056
2024-07-18 15:41:14+00:00,usd_mxn,17.81,17.82,0.056
2024-07-18 15:41:15+00:00,usd_mxn,17.81,17.82,0.056
2024-07-18 15:41:16+00:00,usd_mxn,17.81,17.82,0.056
2024-07-18 15:41:17+00:00,usd_mxn,17.81,17.82,0.056
2024-07-18 15:41:18+00:00,usd_mxn,17.81,17.82,0.056
2024-07-18 15:41:19+00:00,usd_mxn,17.81,17.82,0.056
2024-07-18 15:41:20+00:00,usd_mxn,17.81,17.82,0.056
2024-07-18 15:41:21+00:00,usd_mxn,17.81,17.82,0.056
2024-07-18 15:41:22+00:00,usd_mxn,17.81,17.82,0.056
2024-07-18 15:41:23+00:00,usd_mxn,17.81,17.82,0.056
2024-07-18 15:41:24+00:00,usd_mxn,17.81,17.82,0.056
2024-07-18 15:41:25+00:00,usd_mxn,17.81,17.82,0.056
2024-07-18 15:41:26+00:00,usd_mxn,17.81,17.82,0.056
2024-07-18 15:41:27+00:00,usd_mxn,17.81,17.82,0.056
2024-07-18 15:41:28+00:00,usd_mxn,17.81,17.82,0.056
2024-07-18 15:41:29+00:00,usd_mxn,17.81,17.82,0.056
2024-07-18 15:41:30+00:00,usd_mxn,17.81,17.82,0.056
2024-07-18 15:41:31+00:00,usd_mxn,17.81,17.82,0.056
2024-07-18 15:41:32+00:00,usd_mxn,17.81,17.82,0.056
2024-07-18 15:41:33+00:00,usd_mxn,17.81,17.82,0.056
2024-07-18 15:41:34+00:00,usd_mxn,17.81,17.82,0.056
2024-07-18 15:41:36+00:00,usd_mxn,17.81,17.82,0.056
2024-07-18 15:41:37+00:00,usd_mxn,17.81,17.82,0.056
2024-07-18 15:41:38+00:00,usd_mxn,17.81,17.82,0.056
2024-07-18 15:41:39+00:00,usd_mxn,17.81,17.82,0.056
2024-07-18 15:41:40+00:00,usd_mxn,17.81,17.82,0.056
2024-07-18 15:41:41+00:00,usd_mxn,17.81,17.82,0.056
2024-07-18 15:41:42+00:00,usd_mxn,17.81,17.82,0.056
2024-07-18 15:41:43+00:00,usd_mxn,17.81,17.82,0.056
2024-07-18 15:41:44+00:00,usd_mxn,17.81,17.82,0.056
2024-07-18 15:41:45+00:00,usd_mxn,17.81,17.82,0.056
2024-07-18 15:41:46+00:00,usd_mxn,17.81,17.82,0.056
2024-07-18 15:41:47+00:00,usd_mxn,17.81,17.82,0.056
2024-07-18 15:41:48+00:00,usd_mxn,17.81,17.82,0.056
2024-07-18 15:41:49+00:00,usd_mxn,17.81,17.82,0.056
2024-07-18 15:41:50+00:00,usd_mxn,17.81,17.82,0.056
2024-07-18 15:41:51+00:00,usd_mxn,17.81,17.82,0.056
2024-07-18 15:41:52+00:00,usd_mxn,17.81,17.82,0.056
2024-07-18 15:41:53+00:00,usd_mxn,17.81,17.82,0.056
2024-07-18 15:41:54+00:00,usd_mxn,17.81,17.82,0.056
2024-07-18 15:41:55+00:00,usd_mxn,17.81,17.82,0.056
2024-07-18 15:41:56+00:00,usd_mxn,17.81,17.82,0.056
2024-07-18 15:41:57+00:00,usd_mxn,17.81,17.82,0.056
2024-07-18 15:41:58+00:00,usd_mxn,17.81,17.82,0.056
2024-07-18 15:41:59+00:00,usd_mxn,17.81,17.82,0.056
2024-07-18 15:42:00+00:00,usd_mxn,17.81,17.82,0.056
2024-07-18 15:42:01+00:00,usd_mxn,17.81,17.82,0.056
2024-07-18 15:42:02+00:00,usd_mxn,17.81,17.82,0.056
2024-07-18 15:42:03+00:00,usd_mxn,17.81,17.82,0.056
2024-07-18 15:42:04+00:00,usd_mxn,17.81,17.82,0.056
2024-07-18 15:42:05+00:00,usd_mxn,17.81,17.82,0.056
2024-07-18 15:42:06+00:00,usd_mxn,17.81,17.82,0.056
2024-07-18 15:42:07+00:00,usd_mxn,17.81,17.82,0.056
2024-07-18 15:42:08+00:00,usd_mxn,17.81,17.82,0.056
2024-07-18 15:42:09+00:00,usd_mxn,17.81,17.82,0.056
2024-07-18 15:42:10+00:00,usd_mxn,17.81,17.82,0.056
2024-07-18 15:42:11+00:00,usd_mxn,17.81,17.82,0.056
2024-07-18 15:42:12+00:00,usd_mxn,17.81,17.82,0.056
2024-07-18 15:42:13+00:00,usd_mxn,17.81,17.82,0.056
2024-07-18 15:42:14+00:00,usd_mxn,17.81,17.82,0.056
2024-07-18 15:42:15+00:00,usd_mxn,17.81,17.82,0.056
2024-07-18 15:42:16+00:00,usd_mxn,17.81,17.82,0.056
2024-07-18 15:42:17+00:00,usd_mxn,17.81,17.82,0.056
2024-07-18 15:42:18+00:00,usd_mxn,17.81,17.82,0.056
2024-07-18 15:42:19+00:00,usd_mxn,17.81,17.82,0.056
2024-07-18 15:42:20+00:00,usd_mxn,17.81,17.82,0.056
2024-07-18 15:42:21+00:00,usd_mxn,17.81,17.82,0.056
2024-07-18 15:42:22+00:00,usd_mxn,17.81,17.82,0.056
2024-07-18 15:42:23+00:00,usd_mxn,17.81,17.82,0.056
2024-07-18 15:42:24+00:00,usd_mxn,17.81,17.82,0.056
2024-07-18 15:42:25+00:00,usd_mxn,17.81,17.82,0.056
2024-07-18 15:42:26+00:00,usd_mxn,17.81,17.82,0.056
2024-07-18 15:42:27+00:00,usd_mxn,17.81,17.82,0.056
2024-07-18 15:42:28+00:00,usd_mxn,17.81,17.82,0.056
2024-07-18 15:42:29+00:00,usd_mxn,17.81,17.82,0.056
2024-07-18 15:42:31+00:00,usd_mxn,17.81,17.82,0.056
2024-07-18 15:42:31+00:00,usd_mxn,17.81,17.82,0.056
2024-07-18 15:42:33+00:00,usd_mxn,17.81,17.82,0.056
2024-07-18 15:42:34+00:00,usd_mxn,17.81,17.82,0.056
2024-07-18 15:42:35+00:00,usd_mxn,17.81,17.82,0.056
2024-07-18 15:42:36+00:00,usd_mxn,17.81,17.82,0.056
2024-07-18 15:42:37+00:00,usd_mxn,17.81,17.82,0.056
2024-07-18 15:42:38+00:00,usd_mxn,17.81,17.82,0.056
2024-07-18 15:42:39+00:00,usd_mxn,17.81,17.82,0.056
2024-07-18 15:42:40+00:00,usd_mxn,17.81,17.82,0.056
2024-07-18 15:42:41+00:00,usd_mxn,17.81,17.82,0.056
2024-07-18 15:42:42+00:00,usd_mxn,17.81,17.82,0.056
2024-07-18 15:42:43+00:00,usd_mxn,17.81,17.82,0.056
2024-07-18 15:42:44+00:00,usd_mxn,17.81,17.82,0.056
2024-07-18 15:42:45+00:00,usd_mxn,17.81,17.82,0.056
2024-07-18 15:42:46+00:00,usd_mxn,17.81,17.82,0.056
2024-07-18 15:42:47+00:00,usd_mxn,17.81,17.82,0.056
2024-07-18 15:42:48+00:00,usd_mxn,17.81,17.82,0.056
2024-07-18 15:42:49+00:00,usd_mxn,17.81,17.82,0.056
2024-07-18 15:42:50+00:00,usd_mxn,17.81,17.82,0.056
2024-07-18 15:42:51+00:00,usd_mxn,17.81,17.82,0.056
2024-07-18 15:42:52+00:00,usd_mxn,17.81,17.82,0.056
2024-07-18 15:42:53+00:00,usd_mxn,17.81,17.82,0.056
2024-07-18 15:42:54+00:00,usd_mxn,17.81,17.82,0.056
2024-07-18 15:42:55+00:00,usd_mxn,17.81,17.82,0.056
2024-07-18 15:42:56+00:00,usd_mxn,17.81,17.82,0.056
2024-07-18 15:42:57+00:00,usd_mxn,17.81,17.82,0.056
2024-07-18 15:42:58+00:00,usd_mxn,17.81,17.82,0.056
2024-07-18 15:42:59+00:00,usd_mxn,17.81,17.82,0.056
2024-07-18 15:43:00+00:00,usd_mxn,17.81,17.82,0.056
2024-07-18 15:43:01+00:00,usd_mxn,17.81,17.82,0.056
2024-07-18 15:43:02+00:00,usd_mxn,17.81,17.82,0.056
2024-07-18 15:43:03+00:00,usd_mxn,17.81,17.82,0.056
2024-07-18 15:43:04+00:00,usd_mxn,17.81,17.82,0.056
2024-07-18 15:43:05+00:00,usd_mxn,17.81,17.82,0.056
2024-07-18 15:43:06+00:00,usd_mxn,17.81,17.82,0.056
2024-07-18 15:43:07+00:00,usd_mxn,17.81,17.82,0.056
2024-07-18 15:43:08+00:00,usd_mxn,17.81,17.82,0.056
2024-07-18 15:43:09+00:00,usd_mxn,17.81,17.82,0.056
2024-07-18 15:43:10+00:00,usd_mxn,17.81,17.82,0.056
2024-07-18 15:43:11+00:00,usd_mxn,17.81,17.82,0.056
2024-07-18 15:43:12+00:00,usd_mxn,17.81,17.82,0.056
2024-07-18 15:43:13+00:00,usd_mxn,17.81,17.82,0.056
2024-07-18 15:43:14+00:00,usd_mxn,17.81,17.82,0.056
2024-07-18 15:43:15+00:00,usd_mxn,17.81,17.82,0.056
2024-07-18 15:43:16+00:00,usd_mxn,17.81,17.82,0.056
2024-07-18 15:43:17+00:00,usd_mxn,17.81,17.82,0.056
2024-07-18 15:43:18+00:00,usd_mxn,17.81,17.82,0.056
2024-07-18 15:43:19+00:00,usd_mxn,17.81,17.82,0.056
2024-07-18 15:43:20+00:00,usd_mxn,17.81,17.82,0.056
2024-07-18 15:43:21+00:00,usd_mxn,17.81,17.82,0.056
2024-07-18 15:43:22+00:00,usd_mxn,17.81,17.82,0.056
2024-07-18 15:43:23+00:00,usd_mxn,17.81,17.82,0.056
2024-07-18 15:43:24+00:00,usd_mxn,17.81,17.82,0.056
2024-07-18 15:43:25+00:00,usd_mxn,17.81,17.82,0.056
2024-07-18 15:43:26+00:00,usd_mxn,17.81,17.82,0.056
2024-07-18 15:43:27+00:00,usd_mxn,17.81,17.82,0.056
2024-07-18 15:43:28+00:00,usd_mxn,17.81,17.82,0.056
2024-07-18 15:43:29+00:00,usd_mxn,17.81,17.82,0.056
2024-07-18 15:43:30+00:00,usd_mxn,17.81,17.82,0.056
2024-07-18 15:43:31+00:00,usd_mxn,17.81,17.82,0.056
2024-07-18 15:43:32+00:00,usd_mxn,17.81,17.82,0.056
2024-07-18 15:43:33+00:00,usd_mxn,17.81,17.82,0.056
2024-07-18 15:43:34+00:00,usd_mxn,17.81,17.82,0.056
2024-07-18 15:43:35+00:00,usd_mxn,17.81,17.82,0.056
2024-07-18 15:43:36+00:00,usd_mxn,17.81,17.82,0.056
2024-07-18 15:43:37+00:00,usd_mxn,17.81,17.82,0.056
2024-07-18 15:43:38+00:00,usd_mxn,17.81,17.82,0.056
2024-07-18 15:43:39+00:00,usd_mxn,17.81,17.82,0.056
2024-07-18 15:43:40+00:00,usd_mxn,17.81,17.82,0.056
2024-07-18 15:43:42+00:00,usd_mxn,17.81,17.82,0.056
2024-07-18 15:43:43+00:00,usd_mxn,17.81,17.82,0.056
2024-07-18 15:43:44+00:00,usd_mxn,17.81,17.82,0.056
2024-07-18 15:43:45+00:00,usd_mxn,17.81,17.82,0.056
2024-07-18 15:43:46+00:00,usd_mxn,17.81,17.82,0.056
2024-07-18 15:43:47+00:00,usd_mxn,17.81,17.82,0.056
2024-07-18 15:43:48+00:00,usd_mxn,17.81,17.82,0.056
2024-07-18 15:43:49+00:00,usd_mxn,17.81,17.82,0.056
2024-07-18 15:43:50+00:00,usd_mxn,17.81,17.82,0.056
2024-07-18 15:43:51+00:00,usd_mxn,17.81,17.82,0.056
2024-07-18 15:43:52+00:00,usd_mxn,17.81,17.82,0.056
2024-07-18 15:43:53+00:00,usd_mxn,17.81,17.82,0.056
2024-07-18 15:43:54+00:00,usd_mxn,17.81,17.82,0.056
2024-07-18 15:43:55+00:00,usd_mxn,17.81,17.82,0.056
2024-07-18 15:43:56+00:00,usd_mxn,17.81,17.82,0.056
2024-07-18 15:43:57+00:00,usd_mxn,17.81,17.82,0.056
2024-07-18 15:43:58+00:00,usd_mxn,17.81,17.82,0.056
2024-07-18 15:43:59+00:00,usd_mxn,17.81,17.82,0.056
2024-07-18 15:44:00+00:00,usd_mxn,17.8,17.82,0.112
2024-07-18 15:44:01+00:00,usd_mxn,17.8,17.82,0.112
2024-07-18 15:44:02+00:00,usd_mxn,17.8,17.82,0.112
2024-07-18 15:44:03+00:00,usd_mxn,17.8,17.82,0.112
2024-07-18 15:44:04+00:00,usd_mxn,17.8,17.82,0.112
2024-07-18 15:44:05+00:00,usd_mxn,17.8,17.82,0.112
2024-07-18 15:44:06+00:00,usd_mxn,17.8,17.82,0.112
2024-07-18 15:44:07+00:00,usd_mxn,17.8,17.82,0.112
2024-07-18 15:44:08+00:00,usd_mxn,17.8,17.82,0.112
2024-07-18 15:44:09+00:00,usd_mxn,17.8,17.82,0.112
2024-07-18 15:44:10+00:00,usd_mxn,17.8,17.82,0.112
2024-07-18 15:44:11+00:00,usd_mxn,17.8,17.82,0.112
2024-07-18 15:44:12+00:00,usd_mxn,17.8,17.82,0.112
2024-07-18 15:44:13+00:00,usd_mxn,17.8,17.82,0.112
2024-07-18 15:44:14+00:00,usd_mxn,17.8,17.82,0.112
2024-07-18 15:44:15+00:00,usd_mxn,17.8,17.82,0.112
2024-07-18 15:44:16+00:00,usd_mxn,17.8,17.82,0.112
2024-07-18 15:44:17+00:00,usd_mxn,17.8,17.82,0.112
2024-07-18 15:44:18+00:00,usd_mxn,17.8,17.82,0.112
2024-07-18 15:44:19+00:00,usd_mxn,17.8,17.82,0.112
2024-07-18 15:44:20+00:00,usd_mxn,17.8,17.82,0.112
2024-07-18 15:44:21+00:00,usd_mxn,17.8,17.82,0.112
2024-07-18 15:44:22+00:00,usd_mxn,17.8,17.82,0.112
2024-07-18 15:44:23+00:00,usd_mxn,17.8,17.82,0.112
2024-07-18 15:44:24+00:00,usd_mxn,17.8,17.82,0.112
2024-07-18 15:44:25+00:00,usd_mxn,17.8,17.82,0.112
2024-07-18 15:44:26+00:00,usd_mxn,17.8,17.82,0.112
2024-07-18 15:44:27+00:00,usd_mxn,17.8,17.82,0.112
2024-07-18 15:44:28+00:00,usd_mxn,17.8,17.82,0.112
2024-07-18 15:44:29+00:00,usd_mxn,17.8,17.82,0.112
2024-07-18 15:44:30+00:00,usd_mxn,17.8,17.82,0.112
2024-07-18 15:44:31+00:00,usd_mxn,17.8,17.82,0.112
2024-07-18 15:44:32+00:00,usd_mxn,17.8,17.82,0.112
2024-07-18 15:44:33+00:00,usd_mxn,17.8,17.82,0.112
2024-07-18 15:44:34+00:00,usd_mxn,17.8,17.82,0.112
2024-07-18 15:44:35+00:00,usd_mxn,17.8,17.82,0.112
2024-07-18 15:44:36+00:00,usd_mxn,17.8,17.82,0.112
2024-07-18 15:44:37+00:00,usd_mxn,17.8,17.82,0.112
2024-07-18 15:44:38+00:00,usd_mxn,17.8,17.82,0.112
2024-07-18 15:44:39+00:00,usd_mxn,17.8,17.82,0.112
2024-07-18 15:44:40+00:00,usd_mxn,17.8,17.82,0.112
2024-07-18 15:44:41+00:00,usd_mxn,17.8,17.82,0.112
2024-07-18 15:44:42+00:00,usd_mxn,17.8,17.82,0.112
2024-07-18 15:44:44+00:00,usd_mxn,17.8,17.82,0.112
2024-07-18 15:44:45+00:00,usd_mxn,17.8,17.82,0.112
2024-07-18 15:44:46+00:00,usd_mxn,17.8,17.82,0.112
2024-07-18 15:44:47+00:00,usd_mxn,17.8,17.82,0.112
2024-07-18 15:44:48+00:00,usd_mxn,17.8,17.82,0.112
2024-07-18 15:44:49+00:00,usd_mxn,17.8,17.82,0.112
2024-07-18 15:44:50+00:00,usd_mxn,17.8,17.82,0.112
2024-07-18 15:44:51+00:00,usd_mxn,17.8,17.82,0.112
2024-07-18 15:44:52+00:00,usd_mxn,17.8,17.82,0.112
2024-07-18 15:44:53+00:00,usd_mxn,17.8,17.82,0.112
2024-07-18 15:44:54+00:00,usd_mxn,17.8,17.82,0.112
2024-07-18 15:44:55+00:00,usd_mxn,17.8,17.82,0.112
2024-07-18 15:44:56+00:00,usd_mxn,17.8,17.82,0.112
2024-07-18 15:44:57+00:00,usd_mxn,17.8,17.82,0.112
2024-07-18 15:44:58+00:00,usd_mxn,17.8,17.82,0.112
2024-07-18 15:44:59+00:00,usd_mxn,17.8,17.82,0.112
2024-07-18 15:45:00+00:00,usd_mxn,17.8,17.82,0.112
2024-07-18 15:45:01+00:00,usd_mxn,17.8,17.82,0.112
2024-07-18 15:45:02+00:00,usd_mxn,17.8,17.82,0.112
2024-07-18 15:45:03+00:00,usd_mxn,17.8,17.82,0.112
2024-07-18 15:45:04+00:00,usd_mxn,17.8,17.82,0.112
2024-07-18 15:45:05+00:00,usd_mxn,17.8,17.82,0.112
2024-07-18 15:45:06+00:00,usd_mxn,17.8,17.82,0.112
2024-07-18 15:45:07+00:00,usd_mxn,17.8,17.82,0.112
2024-07-18 15:45:08+00:00,usd_mxn,17.8,17.82,0.112
2024-07-18 15:45:09+00:00,usd_mxn,17.8,17.82,0.112
2024-07-18 15:45:10+00:00,usd_mxn,17.8,17.82,0.112
2024-07-18 15:45:11+00:00,usd_mxn,17.8,17.82,0.112
2024-07-18 15:45:12+00:00,usd_mxn,17.8,17.82,0.112
2024-07-18 15:45:13+00:00,usd_mxn,17.8,17.82,0.112
2024-07-18 15:45:14+00:00,usd_mxn,17.8,17.82,0.112
2024-07-18 15:45:15+00:00,usd_mxn,17.8,17.82,0.112
2024-07-18 15:45:16+00:00,usd_mxn,17.8,17.82,0.112
2024-07-18 15:45:17+00:00,usd_mxn,17.8,17.82,0.112
2024-07-18 15:45:18+00:00,usd_mxn,17.8,17.82,0.112
2024-07-18 15:45:19+00:00,usd_mxn,17.8,17.82,0.112
2024-07-18 15:45:20+00:00,usd_mxn,17.8,17.82,0.112
2024-07-18 15:45:21+00:00,usd_mxn,17.8,17.82,0.112
2024-07-18 15:45:22+00:00,usd_mxn,17.8,17.82,0.112
2024-07-18 15:45:23+00:00,usd_mxn,17.8,17.82,0.112
2024-07-18 15:45:24+00:00,usd_mxn,17.8,17.82,0.112
2024-07-18 15:45:25+00:00,usd_mxn,17.8,17.82,0.112
2024-07-18 15:45:26+00:00,usd_mxn,17.8,17.82,0.112
2024-07-18 15:45:27+00:00,usd_mxn,17.8,17.82,0.112
2024-07-18 15:45:28+00:00,usd_mxn,17.8,17.82,0.112
2024-07-18 15:45:29+00:00,usd_mxn,17.8,17.82,0.112
2024-07-18 15:45:30+00:00,usd_mxn,17.8,17.82,0.112
2024-07-18 15:45:31+00:00,usd_mxn,17.8,17.82,0.112
2024-07-18 15:45:32+00:00,usd_mxn,17.8,17.82,0.112
2024-07-18 15:45:33+00:00,usd_mxn,17.8,17.82,0.112
2024-07-18 15:45:34+00:00,usd_mxn,17.8,17.82,0.112
2024-07-18 15:45:35+00:00,usd_mxn,17.8,17.82,0.112
2024-07-18 15:45:36+00:00,usd_mxn,17.8,17.82,0.112
2024-07-18 15:45:37+00:00,usd_mxn,17.8,17.82,0.112
2024-07-18 15:45:38+00:00,usd_mxn,17.8,17.82,0.112
2024-07-18 15:45:40+00:00,usd_mxn,17.8,17.82,0.112
2024-07-18 15:45:40+00:00,usd_mxn,17.8,17.82,0.112
2024-07-18 15:45:41+00:00,usd_mxn,17.8,17.82,0.112
2024-07-18 15:45:42+00:00,usd_mxn,17.8,17.82,0.112
2024-07-18 15:45:44+00:00,usd_mxn,17.8,17.82,0.112
2024-07-18 15:45:45+00:00,usd_mxn,17.8,17.82,0.112
2024-07-18 15:45:46+00:00,usd_mxn,17.8,17.82,0.112
2024-07-18 15:45:47+00:00,usd_mxn,17.8,17.82,0.112
2024-07-18 15:45:48+00:00,usd_mxn,17.8,17.82,0.112
2024-07-18 15:45:49+00:00,usd_mxn,17.8,17.82,0.112
2024-07-18 15:45:50+00:00,usd_mxn,17.8,17.82,0.112
2024-07-18 15:45:51+00:00,usd_mxn,17.8,17.82,0.112
2024-07-18 15:45:52+00:00,usd_mxn,17.8,17.82,0.112
2024-07-18 15:45:53+00:00,usd_mxn,17.8,17.82,0.112
2024-07-18 15:45:54+00:00,usd_mxn,17.8,17.82,0.112
2024-07-18 15:45:55+00:00,usd_mxn,17.8,17.82,0.112
2024-07-18 15:45:56+00:00,usd_mxn,17.8,17.82,0.112
2024-07-18 15:45:57+00:00,usd_mxn,17.8,17.82,0.112
2024-07-18 15:45:58+00:00,usd_mxn,17.8,17.82,0.112
2024-07-18 15:45:59+00:00,usd_mxn,17.8,17.82,0.112
2024-07-18 15:46:00+00:00,usd_mxn,17.8,17.82,0.112
2024-07-18 15:46:01+00:00,usd_mxn,17.8,17.82,0.112
2024-07-18 15:46:02+00:00,usd_mxn,17.8,17.82,0.112
2024-07-18 15:46:03+00:00,usd_mxn,17.8,17.82,0.112
2024-07-18 15:46:04+00:00,usd_mxn,17.8,17.82,0.112
2024-07-18 15:46:05+00:00,usd_mxn,17.8,17.82,0.112
2024-07-18 15:46:06+00:00,usd_mxn,17.8,17.82,0.112
2024-07-18 15:46:07+00:00,usd_mxn,17.8,17.82,0.112
2024-07-18 15:46:08+00:00,usd_mxn,17.8,17.82,0.112
2024-07-18 15:46:09+00:00,usd_mxn,17.8,17.82,0.112
2024-07-18 15:46:10+00:00,usd_mxn,17.8,17.82,0.112
2024-07-18 15:46:11+00:00,usd_mxn,17.8,17.82,0.112
2024-07-18 15:46:12+00:00,usd_mxn,17.8,17.82,0.112
2024-07-18 15:46:13+00:00,usd_mxn,17.8,17.82,0.112
2024-07-18 15:46:14+00:00,usd_mxn,17.8,17.82,0.112
2024-07-18 15:46:15+00:00,usd_mxn,17.8,17.82,0.112
2024-07-18 15:46:16+00:00,usd_mxn,17.8,17.82,0.112
2024-07-18 15:46:17+00:00,usd_mxn,17.8,17.82,0.112
2024-07-18 15:46:18+00:00,usd_mxn,17.8,17.82,0.112
2024-07-18 15:46:19+00:00,usd_mxn,17.8,17.82,0.112
2024-07-18 15:46:20+00:00,usd_mxn,17.8,17.82,0.112
2024-07-18 15:46:21+00:00,usd_mxn,17.8,17.82,0.112
2024-07-18 15:46:22+00:00,usd_mxn,17.8,17.82,0.112
2024-07-18 15:46:23+00:00,usd_mxn,17.8,17.82,0.112
2024-07-18 15:46:24+00:00,usd_mxn,17.8,17.82,0.112
2024-07-18 15:46:25+00:00,usd_mxn,17.8,17.82,0.112
2024-07-18 15:46:26+00:00,usd_mxn,17.8,17.82,0.112
2024-07-18 15:46:27+00:00,usd_mxn,17.8,17.82,0.112
2024-07-18 15:46:28+00:00,usd_mxn,17.8,17.82,0.112
2024-07-18 15:46:29+00:00,usd_mxn,17.8,17.82,0.112
2024-07-18 15:46:30+00:00,usd_mxn,17.8,17.82,0.112
2024-07-18 15:46:31+00:00,usd_mxn,17.8,17.82,0.112
2024-07-18 15:46:32+00:00,usd_mxn,17.8,17.82,0.112
2024-07-18 15:46:33+00:00,usd_mxn,17.8,17.82,0.112
2024-07-18 15:46:34+00:00,usd_mxn,17.8,17.82,0.112
2024-07-18 15:46:35+00:00,usd_mxn,17.8,17.82,0.112
2024-07-18 15:46:36+00:00,usd_mxn,17.8,17.82,0.112
2024-07-18 15:46:37+00:00,usd_mxn,17.8,17.82,0.112
2024-07-18 15:46:38+00:00,usd_mxn,17.8,17.82,0.112
2024-07-18 15:46:39+00:00,usd_mxn,17.8,17.82,0.112
2024-07-18 15:46:40+00:00,usd_mxn,17.8,17.82,0.112
2024-07-18 15:46:41+00:00,usd_mxn,17.8,17.82,0.112
2024-07-18 15:46:42+00:00,usd_mxn,17.8,17.82,0.112
2024-07-18 15:46:43+00:00,usd_mxn,17.8,17.82,0.112
2024-07-18 15:46:44+00:00,usd_mxn,17.8,17.82,0.112
2024-07-18 15:46:45+00:00,usd_mxn,17.8,17.82,0.112
2024-07-18 15:46:46+00:00,usd_mxn,17.8,17.82,0.112
2024-07-18 15:46:48+00:00,usd_mxn,17.8,17.82,0.112
2024-07-18 15:46:49+00:00,usd_mxn,17.8,17.82,0.112
2024-07-18 15:46:50+00:00,usd_mxn,17.8,17.82,0.112
2024-07-18 15:46:51+00:00,usd_mxn,17.8,17.82,0.112
2024-07-18 15:46:52+00:00,usd_mxn,17.8,17.82,0.112
2024-07-18 15:46:53+00:00,usd_mxn,17.8,17.82,0.112
2024-07-18 15:46:54+00:00,usd_mxn,17.8,17.82,0.112
2024-07-18 15:46:55+00:00,usd_mxn,17.8,17.82,0.112
2024-07-18 15:46:56+00:00,usd_mxn,17.8,17.82,0.112
2024-07-18 15:46:57+00:00,usd_mxn,17.8,17.82,0.112
2024-07-18 15:46:58+00:00,usd_mxn,17.8,17.82,0.112
2024-07-18 15:46:59+00:00,usd_mxn,17.8,17.82,0.112
2024-07-18 15:47:00+00:00,usd_mxn,17.8,17.82,0.112
2024-07-18 15:47:01+00:00,usd_mxn,17.8,17.82,0.112
2024-07-18 15:47:02+00:00,usd_mxn,17.8,17.82,0.112
2024-07-18 15:47:03+00:00,usd_mxn,17.8,17.82,0.112
2024-07-18 15:47:04+00:00,usd_mxn,17.8,17.82,0.112
2024-07-18 15:47:05+00:00,usd_mxn,17.8,17.82,0.112
2024-07-18 15:47:06+00:00,usd_mxn,17.8,17.82,0.112
2024-07-18 15:47:07+00:00,usd_mxn,17.8,17.82,0.112
2024-07-18 15:47:08+00:00,usd_mxn,17.8,17.82,0.112
2024-07-18 15:47:09+00:00,usd_mxn,17.8,17.82,0.112
