orderbook_timestamp,book,bid,ask,spread
2024-07-18 14:35:42+00:00,usd_mxn,17.81,17.82,0.056
2024-07-18 14:35:43+00:00,usd_mxn,17.81,17.82,0.056
2024-07-18 14:35:44+00:00,usd_mxn,17.81,17.82,0.056
2024-07-18 14:35:45+00:00,usd_mxn,17.81,17.82,0.056
2024-07-18 14:35:46+00:00,usd_mxn,17.81,17.82,0.056
2024-07-18 14:35:47+00:00,usd_mxn,17.81,17.82,0.056
2024-07-18 14:35:48+00:00,usd_mxn,17.81,17.82,0.056
2024-07-18 14:35:49+00:00,usd_mxn,17.81,17.82,0.056
2024-07-18 14:35:50+00:00,usd_mxn,17.81,17.82,0.056
2024-07-18 14:35:51+00:00,usd_mxn,17.81,17.82,0.056
2024-07-18 14:35:52+00:00,usd_mxn,17.81,17.82,0.056
2024-07-18 14:35:53+00:00,usd_mxn,17.81,17.82,0.056
2024-07-18 14:35:54+00:00,usd_mxn,17.81,17.82,0.056
2024-07-18 14:35:55+00:00,usd_mxn,17.81,17.82,0.056
2024-07-18 14:35:56+00:00,usd_mxn,17.81,17.82,0.056
2024-07-18 14:35:57+00:00,usd_mxn,17.81,17.82,0.056
2024-07-18 14:35:58+00:00,usd_mxn,17.81,17.82,0.056
2024-07-18 14:35:59+00:00,usd_mxn,17.81,17.82,0.056
2024-07-18 14:36:00+00:00,usd_mxn,17.81,17.82,0.056
2024-07-18 14:36:01+00:00,usd_mxn,17.81,17.82,0.056
2024-07-18 14:36:02+00:00,usd_mxn,17.81,17.82,0.056
2024-07-18 14:36:03+00:00,usd_mxn,17.81,17.82,0.056
2024-07-18 14:36:04+00:00,usd_mxn,17.81,17.82,0.056
2024-07-18 14:36:05+00:00,usd_mxn,17.81,17.82,0.056
2024-07-18 14:36:06+00:00,usd_mxn,17.81,17.82,0.056
2024-07-18 14:36:07+00:00,usd_mxn,17.81,17.82,0.056
2024-07-18 14:36:08+00:00,usd_mxn,17.81,17.82,0.056
2024-07-18 14:36:09+00:00,usd_mxn,17.81,17.82,0.056
2024-07-18 14:36:10+00:00,usd_mxn,17.81,17.82,0.056
2024-07-18 14:36:11+00:00,usd_mxn,17.81,17.82,0.056
2024-07-18 14:36:12+00:00,usd_mxn,17.81,17.82,0.056
2024-07-18 14:36:13+00:00,usd_mxn,17.81,17.82,0.056
2024-07-18 14:36:14+00:00,usd_mxn,17.81,17.82,0.056
2024-07-18 14:36:16+00:00,usd_mxn,17.81,17.82,0.056
2024-07-18 14:36:16+00:00,usd_mxn,17.81,17.82,0.056
2024-07-18 14:36:17+00:00,usd_mxn,17.81,17.82,0.056
2024-07-18 14:36:18+00:00,usd_mxn,17.81,17.82,0.056
2024-07-18 14:36:20+00:00,usd_mxn,17.81,17.82,0.056
2024-07-18 14:36:20+00:00,usd_mxn,17.81,17.82,0.056
2024-07-18 14:36:21+00:00,usd_mxn,17.81,17.82,0.056
2024-07-18 14:36:23+00:00,usd_mxn,17.81,17.82,0.056
2024-07-18 14:36:24+00:00,usd_mxn,17.81,17.82,0.056
2024-07-18 14:36:25+00:00,usd_mxn,17.81,17.82,0.056
2024-07-18 14:36:26+00:00,usd_mxn,17.81,17.82,0.056
2024-07-18 14:36:27+00:00,usd_mxn,17.81,17.82,0.056
2024-07-18 14:36:28+00:00,usd_mxn,17.81,17.82,0.056
2024-07-18 14:36:29+00:00,usd_mxn,17.81,17.82,0.056
2024-07-18 14:36:30+00:00,usd_mxn,17.81,17.82,0.056
2024-07-18 14:36:31+00:00,usd_mxn,17.81,17.82,0.056
2024-07-18 14:36:32+00:00,usd_mxn,17.81,17.82,0.056
2024-07-18 14:36:33+00:00,usd_mxn,17.81,17.82,0.056
2024-07-18 14:36:34+00:00,usd_mxn,17.81,17.82,0.056
2024-07-18 14:36:35+00:00,usd_mxn,17.81,17.82,0.056
2024-07-18 14:36:36+00:00,usd_mxn,17.81,17.82,0.056
2024-07-18 14:36:37+00:00,usd_mxn,17.81,17.82,0.056
2024-07-18 14:36:38+00:00,usd_mxn,17.81,17.82,0.056
2024-07-18 14:36:39+00:00,usd_mxn,17.81,17.82,0.056
2024-07-18 14:36:40+00:00,usd_mxn,17.81,17.82,0.056
2024-07-18 14:36:41+00:00,usd_mxn,17.81,17.82,0.056
2024-07-18 14:36:42+00:00,usd_mxn,17.81,17.82,0.056
2024-07-18 14:36:43+00:00,usd_mxn,17.81,17.82,0.056
2024-07-18 14:36:44+00:00,usd_mxn,17.81,17.82,0.056
2024-07-18 14:36:45+00:00,usd_mxn,17.81,17.82,0.056
2024-07-18 14:36:46+00:00,usd_mxn,17.81,17.82,0.056
2024-07-18 14:36:47+00:00,usd_mxn,17.81,17.82,0.056
2024-07-18 14:36:48+00:00,usd_mxn,17.81,17.82,0.056
2024-07-18 14:36:49+00:00,usd_mxn,17.81,17.82,0.056
2024-07-18 14:36:50+00:00,usd_mxn,17.81,17.82,0.056
2024-07-18 14:36:51+00:00,usd_mxn,17.81,17.82,0.056
2024-07-18 14:36:52+00:00,usd_mxn,17.81,17.82,0.056
2024-07-18 14:36:53+00:00,usd_mxn,17.81,17.82,0.056
2024-07-18 14:36:54+00:00,usd_mxn,17.81,17.82,0.056
2024-07-18 14:36:55+00:00,usd_mxn,17.81,17.82,0.056
2024-07-18 14:36:56+00:00,usd_mxn,17.81,17.82,0.056
2024-07-18 14:36:57+00:00,usd_mxn,17.81,17.82,0.056
2024-07-18 14:36:58+00:00,usd_mxn,17.81,17.82,0.056
2024-07-18 14:36:59+00:00,usd_mxn,17.81,17.82,0.056
2024-07-18 14:37:00+00:00,usd_mxn,17.81,17.82,0.056
2024-07-18 14:37:01+00:00,usd_mxn,17.81,17.82,0.056
2024-07-18 14:37:02+00:00,usd_mxn,17.81,17.82,0.056
2024-07-18 14:37:03+00:00,usd_mxn,17.81,17.82,0.056
2024-07-18 14:37:04+00:00,usd_mxn,17.81,17.82,0.056
2024-07-18 14:37:05+00:00,usd_mxn,17.81,17.82,0.056
2024-07-18 14:37:06+00:00,usd_mxn,17.81,17.82,0.056
2024-07-18 14:37:07+00:00,usd_mxn,17.81,17.82,0.056
2024-07-18 14:37:08+00:00,usd_mxn,17.81,17.82,0.056
2024-07-18 14:37:09+00:00,usd_mxn,17.81,17.82,0.056
2024-07-18 14:37:10+00:00,usd_mxn,17.81,17.82,0.056
2024-07-18 14:37:11+00:00,usd_mxn,17.81,17.82,0.056
2024-07-18 14:37:12+00:00,usd_mxn,17.81,17.82,0.056
2024-07-18 14:37:13+00:00,usd_mxn,17.8,17.82,0.112
2024-07-18 14:37:14+00:00,usd_mxn,17.8,17.82,0.112
2024-07-18 14:37:15+00:00,usd_mxn,17.8,17.82,0.112
2024-07-18 14:37:16+00:00,usd_mxn,17.81,17.82,0.056
2024-07-18 14:37:17+00:00,usd_mxn,17.81,17.82,0.056
2024-07-18 14:37:18+00:00,usd_mxn,17.81,17.82,0.056
2024-07-18 14:37:19+00:00,usd_mxn,17.81,17.82,0.056
2024-07-18 14:37:20+00:00,usd_mxn,17.81,17.82,0.056
2024-07-18 14:37:21+00:00,usd_mxn,17.81,17.82,0.056
2024-07-18 14:37:22+00:00,usd_mxn,17.81,17.82,0.056
2024-07-18 14:37:23+00:00,usd_mxn,17.81,17.82,0.056
2024-07-18 14:37:24+00:00,usd_mxn,17.81,17.82,0.056
2024-07-18 14:37:25+00:00,usd_mxn,17.81,17.82,0.056
2024-07-18 14:37:26+00:00,usd_mxn,17.81,17.82,0.056
2024-07-18 14:37:27+00:00,usd_mxn,17.81,17.82,0.056
2024-07-18 14:37:28+00:00,usd_mxn,17.81,17.82,0.056
2024-07-18 14:37:30+00:00,usd_mxn,17.81,17.82,0.056
2024-07-18 14:37:31+00:00,usd_mxn,17.81,17.82,0.056
2024-07-18 14:37:32+00:00,usd_mxn,17.81,17.82,0.056
2024-07-18 14:37:33+00:00,usd_mxn,17.81,17.82,0.056
2024-07-18 14:37:34+00:00,usd_mxn,17.81,17.82,0.056
2024-07-18 14:37:35+00:00,usd_mxn,17.81,17.82,0.056
2024-07-18 14:37:36+00:00,usd_mxn,17.81,17.82,0.056
2024-07-18 14:37:37+00:00,usd_mxn,17.81,17.82,0.056
2024-07-18 14:37:38+00:00,usd_mxn,17.81,17.82,0.056
2024-07-18 14:37:39+00:00,usd_mxn,17.81,17.82,0.056
2024-07-18 14:37:40+00:00,usd_mxn,17.81,17.82,0.056
2024-07-18 14:37:41+00:00,usd_mxn,17.81,17.82,0.056
2024-07-18 14:37:42+00:00,usd_mxn,17.81,17.82,0.056
2024-07-18 14:37:43+00:00,usd_mxn,17.81,17.82,0.056
2024-07-18 14:37:44+00:00,usd_mxn,17.81,17.82,0.056
2024-07-18 14:37:45+00:00,usd_mxn,17.81,17.82,0.056
2024-07-18 14:37:46+00:00,usd_mxn,17.81,17.82,0.056
2024-07-18 14:37:47+00:00,usd_mxn,17.81,17.82,0.056
2024-07-18 14:37:48+00:00,usd_mxn,17.81,17.82,0.056
2024-07-18 14:37:49+00:00,usd_mxn,17.81,17.82,0.056
2024-07-18 14:37:50+00:00,usd_mxn,17.81,17.82,0.056
2024-07-18 14:37:51+00:00,usd_mxn,17.81,17.82,0.056
2024-07-18 14:37:52+00:00,usd_mxn,17.81,17.82,0.056
2024-07-18 14:37:53+00:00,usd_mxn,17.81,17.82,0.056
2024-07-18 14:37:54+00:00,usd_mxn,17.81,17.82,0.056
2024-07-18 14:37:55+00:00,usd_mxn,17.81,17.82,0.056
2024-07-18 14:37:56+00:00,usd_mxn,17.81,17.82,0.056
2024-07-18 14:37:57+00:00,usd_mxn,17.81,17.82,0.056
2024-07-18 14:37:58+00:00,usd_mxn,17.81,17.82,0.056
2024-07-18 14:37:59+00:00,usd_mxn,17.81,17.82,0.056
2024-07-18 14:38:00+00:00,usd_mxn,17.81,17.82,0.056
2024-07-18 14:38:02+00:00,usd_mxn,17.81,17.82,0.056
2024-07-18 14:38:02+00:00,usd_mxn,17.81,17.82,0.056
2024-07-18 14:38:03+00:00,usd_mxn,17.81,17.82,0.056
2024-07-18 14:38:04+00:00,usd_mxn,17.81,17.82,0.056
2024-07-18 14:38:05+00:00,usd_mxn,17.81,17.82,0.056
2024-07-18 14:38:06+00:00,usd_mxn,17.81,17.82,0.056
2024-07-18 14:38:07+00:00,usd_mxn,17.81,17.82,0.056
2024-07-18 14:38:08+00:00,usd_mxn,17.81,17.82,0.056
2024-07-18 14:38:09+00:00,usd_mxn,17.81,17.82,0.056
2024-07-18 14:38:10+00:00,usd_mxn,17.81,17.82,0.056
2024-07-18 14:38:11+00:00,usd_mxn,17.81,17.82,0.056
2024-07-18 14:38:12+00:00,usd_mxn,17.81,17.82,0.056
2024-07-18 14:38:13+00:00,usd_mxn,17.81,17.82,0.056
2024-07-18 14:38:15+00:00,usd_mxn,17.81,17.82,0.056
2024-07-18 14:38:16+00:00,usd_mxn,17.81,17.82,0.056
2024-07-18 14:38:17+00:00,usd_mxn,17.81,17.82,0.056
2024-07-18 14:38:18+00:00,usd_mxn,17.81,17.82,0.056
2024-07-18 14:38:19+00:00,usd_mxn,17.81,17.82,0.056
2024-07-18 14:38:20+00:00,usd_mxn,17.81,17.82,0.056
2024-07-18 14:38:21+00:00,usd_mxn,17.81,17.82,0.056
2024-07-18 14:38:22+00:00,usd_mxn,17.81,17.82,0.056
2024-07-18 14:38:23+00:00,usd_mxn,17.81,17.82,0.056
2024-07-18 14:38:24+00:00,usd_mxn,17.81,17.82,0.056
2024-07-18 14:38:25+00:00,usd_mxn,17.81,17.82,0.056
2024-07-18 14:38:26+00:00,usd_mxn,17.81,17.82,0.056
2024-07-18 14:38:27+00:00,usd_mxn,17.81,17.82,0.056
2024-07-18 14:38:28+00:00,usd_mxn,17.81,17.82,0.056
2024-07-18 14:38:29+00:00,usd_mxn,17.81,17.82,0.056
2024-07-18 14:38:30+00:00,usd_mxn,17.81,17.82,0.056
2024-07-18 14:38:31+00:00,usd_mxn,17.81,17.82,0.056
2024-07-18 14:38:32+00:00,usd_mxn,17.81,17.82,0.056
2024-07-18 14:38:33+00:00,usd_mxn,17.81,17.82,0.056
2024-07-18 14:38:34+00:00,usd_mxn,17.81,17.82,0.056
2024-07-18 14:38:35+00:00,usd_mxn,17.81,17.82,0.056
2024-07-18 14:38:36+00:00,usd_mxn,17.81,17.82,0.056
2024-07-18 14:38:37+00:00,usd_mxn,17.81,17.82,0.056
2024-07-18 14:38:38+00:00,usd_mxn,17.81,17.82,0.056
2024-07-18 14:38:39+00:00,usd_mxn,17.81,17.82,0.056
2024-07-18 14:38:40+00:00,usd_mxn,17.81,17.82,0.056
2024-07-18 14:38:41+00:00,usd_mxn,17.81,17.82,0.056
2024-07-18 14:38:42+00:00,usd_mxn,17.81,17.82,0.056
2024-07-18 14:38:43+00:00,usd_mxn,17.81,17.82,0.056
2024-07-18 14:38:44+00:00,usd_mxn,17.81,17.82,0.056
2024-07-18 14:38:45+00:00,usd_mxn,17.81,17.82,0.056
2024-07-18 14:38:46+00:00,usd_mxn,17.81,17.82,0.056
2024-07-18 14:38:47+00:00,usd_mxn,17.81,17.82,0.056
2024-07-18 14:38:48+00:00,usd_mxn,17.81,17.82,0.056
2024-07-18 14:38:49+00:00,usd_mxn,17.81,17.82,0.056
2024-07-18 14:38:50+00:00,usd_mxn,17.81,17.82,0.056
2024-07-18 14:38:51+00:00,usd_mxn,17.81,17.82,0.056
2024-07-18 14:38:52+00:00,usd_mxn,17.81,17.82,0.056
2024-07-18 14:38:53+00:00,usd_mxn,17.81,17.82,0.056
2024-07-18 14:38:54+00:00,usd_mxn,17.81,17.82,0.056
2024-07-18 14:38:55+00:00,usd_mxn,17.81,17.82,0.056
2024-07-18 14:38:56+00:00,usd_mxn,17.81,17.82,0.056
2024-07-18 14:38:57+00:00,usd_mxn,17.81,17.82,0.056
2024-07-18 14:38:58+00:00,usd_mxn,17.81,17.82,0.056
2024-07-18 14:38:59+00:00,usd_mxn,17.81,17.82,0.056
2024-07-18 14:39:00+00:00,usd_mxn,17.81,17.82,0.056
2024-07-18 14:39:01+00:00,usd_mxn,17.81,17.82,0.056
2024-07-18 14:39:02+00:00,usd_mxn,17.81,17.82,0.056
2024-07-18 14:39:04+00:00,usd_mxn,17.81,17.82,0.056
2024-07-18 14:39:04+00:00,usd_mxn,17.81,17.82,0.056
2024-07-18 14:39:05+00:00,usd_mxn,17.81,17.82,0.056
2024-07-18 14:39:07+00:00,usd_mxn,17.81,17.82,0.056
2024-07-18 14:39:07+00:00,usd_mxn,17.81,17.82,0.056
2024-07-18 14:39:09+00:00,usd_mxn,17.81,17.82,0.056
2024-07-18 14:39:09+00:00,usd_mxn,17.81,17.82,0.056
2024-07-18 14:39:10+00:00,usd_mxn,17.81,17.82,0.056
2024-07-18 14:39:12+00:00,usd_mxn,17.81,17.82,0.056
2024-07-18 14:39:13+00:00,usd_mxn,17.81,17.82,0.056
2024-07-18 14:39:14+00:00,usd_mxn,17.81,17.82,0.056
2024-07-18 14:39:15+00:00,usd_mxn,17.81,17.82,0.056
2024-07-18 14:39:16+00:00,usd_mxn,17.81,17.82,0.056
2024-07-18 14:39:17+00:00,usd_mxn,17.81,17.82,0.056
2024-07-18 14:39:18+00:00,usd_mxn,17.81,17.82,0.056
2024-07-18 14:39:19+00:00,usd_mxn,17.81,17.82,0.056
2024-07-18 14:39:20+00:00,usd_mxn,17.81,17.82,0.056
2024-07-18 14:39:21+00:00,usd_mxn,17.81,17.82,0.056
2024-07-18 14:39:22+00:00,usd_mxn,17.81,17.82,0.056
2024-07-18 14:39:23+00:00,usd_mxn,17.81,17.82,0.056
2024-07-18 14:39:24+00:00,usd_mxn,17.81,17.82,0.056
2024-07-18 14:39:25+00:00,usd_mxn,17.81,17.82,0.056
2024-07-18 14:39:26+00:00,usd_mxn,17.81,17.82,0.056
2024-07-18 14:39:27+00:00,usd_mxn,17.81,17.82,0.056
2024-07-18 14:39:28+00:00,usd_mxn,17.81,17.82,0.056
2024-07-18 14:39:29+00:00,usd_mxn,17.81,17.82,0.056
2024-07-18 14:39:30+00:00,usd_mxn,17.81,17.82,0.056
2024-07-18 14:39:31+00:00,usd_mxn,17.81,17.82,0.056
2024-07-18 14:39:32+00:00,usd_mxn,17.81,17.82,0.056
2024-07-18 14:39:33+00:00,usd_mxn,17.81,17.82,0.056
2024-07-18 14:39:34+00:00,usd_mxn,17.81,17.82,0.056
2024-07-18 14:39:35+00:00,usd_mxn,17.81,17.82,0.056
2024-07-18 14:39:36+00:00,usd_mxn,17.81,17.82,0.056
2024-07-18 14:39:37+00:00,usd_mxn,17.81,17.82,0.056
2024-07-18 14:39:38+00:00,usd_mxn,17.81,17.82,0.056
2024-07-18 14:39:39+00:00,usd_mxn,17.81,17.82,0.056
2024-07-18 14:39:40+00:00,usd_mxn,17.81,17.82,0.056
2024-07-18 14:39:41+00:00,usd_mxn,17.81,17.82,0.056
2024-07-18 14:39:42+00:00,usd_mxn,17.81,17.82,0.056
2024-07-18 14:39:43+00:00,usd_mxn,17.81,17.82,0.056
2024-07-18 14:39:44+00:00,usd_mxn,17.81,17.82,0.056
2024-07-18 14:39:45+00:00,usd_mxn,17.81,17.82,0.056
2024-07-18 14:39:46+00:00,usd_mxn,17.81,17.82,0.056
2024-07-18 14:39:47+00:00,usd_mxn,17.81,17.82,0.056
2024-07-18 14:39:48+00:00,usd_mxn,17.81,17.82,0.056
2024-07-18 14:39:49+00:00,usd_mxn,17.81,17.82,0.056
2024-07-18 14:39:50+00:00,usd_mxn,17.81,17.82,0.056
2024-07-18 14:39:51+00:00,usd_mxn,17.81,17.82,0.056
2024-07-18 14:39:52+00:00,usd_mxn,17.81,17.82,0.056
2024-07-18 14:39:53+00:00,usd_mxn,17.81,17.82,0.056
2024-07-18 14:39:54+00:00,usd_mxn,17.81,17.82,0.056
2024-07-18 14:39:55+00:00,usd_mxn,17.81,17.82,0.056
2024-07-18 14:39:56+00:00,usd_mxn,17.81,17.82,0.056
2024-07-18 14:39:57+00:00,usd_mxn,17.81,17.82,0.056
2024-07-18 14:39:58+00:00,usd_mxn,17.81,17.82,0.056
2024-07-18 14:39:59+00:00,usd_mxn,17.81,17.82,0.056
2024-07-18 14:40:00+00:00,usd_mxn,17.8,17.82,0.112
2024-07-18 14:40:01+00:00,usd_mxn,17.81,17.82,0.056
2024-07-18 14:40:02+00:00,usd_mxn,17.81,17.82,0.056
2024-07-18 14:40:03+00:00,usd_mxn,17.81,17.82,0.056
2024-07-18 14:40:04+00:00,usd_mxn,17.81,17.82,0.056
2024-07-18 14:40:05+00:00,usd_mxn,17.81,17.82,0.056
2024-07-18 14:40:06+00:00,usd_mxn,17.81,17.82,0.056
2024-07-18 14:40:08+00:00,usd_mxn,17.81,17.82,0.056
2024-07-18 14:40:09+00:00,usd_mxn,17.81,17.82,0.056
2024-07-18 14:40:09+00:00,usd_mxn,17.81,17.82,0.056
2024-07-18 14:40:11+00:00,usd_mxn,17.81,17.82,0.056
2024-07-18 14:40:12+00:00,usd_mxn,17.81,17.82,0.056
2024-07-18 14:40:12+00:00,usd_mxn,17.81,17.82,0.056
2024-07-18 14:40:14+00:00,usd_mxn,17.81,17.82,0.056
2024-07-18 14:40:15+00:00,usd_mxn,17.81,17.82,0.056
2024-07-18 14:40:16+00:00,usd_mxn,17.81,17.82,0.056
2024-07-18 14:40:17+00:00,usd_mxn,17.81,17.82,0.056
2024-07-18 14:40:18+00:00,usd_mxn,17.81,17.82,0.056
2024-07-18 14:40:19+00:00,usd_mxn,17.81,17.82,0.056
2024-07-18 14:40:20+00:00,usd_mxn,17.81,17.82,0.056
2024-07-18 14:40:21+00:00,usd_mxn,17.81,17.82,0.056
2024-07-18 14:40:22+00:00,usd_mxn,17.81,17.82,0.056
2024-07-18 14:40:23+00:00,usd_mxn,17.81,17.82,0.056
2024-07-18 14:40:24+00:00,usd_mxn,17.81,17.82,0.056
2024-07-18 14:40:25+00:00,usd_mxn,17.81,17.82,0.056
2024-07-18 14:40:26+00:00,usd_mxn,17.81,17.82,0.056
2024-07-18 14:40:27+00:00,usd_mxn,17.81,17.82,0.056
2024-07-18 14:40:28+00:00,usd_mxn,17.81,17.82,0.056
2024-07-18 14:40:29+00:00,usd_mxn,17.81,17.82,0.056
2024-07-18 14:40:30+00:00,usd_mxn,17.81,17.82,0.056
2024-07-18 14:40:31+00:00,usd_mxn,17.81,17.82,0.056
2024-07-18 14:40:32+00:00,usd_mxn,17.81,17.82,0.056
2024-07-18 14:40:33+00:00,usd_mxn,17.81,17.82,0.056
2024-07-18 14:40:34+00:00,usd_mxn,17.81,17.82,0.056
2024-07-18 14:40:35+00:00,usd_mxn,17.81,17.82,0.056
2024-07-18 14:40:36+00:00,usd_mxn,17.81,17.82,0.056
2024-07-18 14:40:37+00:00,usd_mxn,17.81,17.82,0.056
2024-07-18 14:40:38+00:00,usd_mxn,17.81,17.82,0.056
2024-07-18 14:40:39+00:00,usd_mxn,17.81,17.82,0.056
2024-07-18 14:40:40+00:00,usd_mxn,17.81,17.82,0.056
2024-07-18 14:40:41+00:00,usd_mxn,17.81,17.82,0.056
2024-07-18 14:40:42+00:00,usd_mxn,17.81,17.82,0.056
2024-07-18 14:40:43+00:00,usd_mxn,17.81,17.82,0.056
2024-07-18 14:40:44+00:00,usd_mxn,17.81,17.82,0.056
2024-07-18 14:40:45+00:00,usd_mxn,17.81,17.82,0.056
2024-07-18 14:40:46+00:00,usd_mxn,17.81,17.82,0.056
2024-07-18 14:40:47+00:00,usd_mxn,17.81,17.82,0.056
2024-07-18 14:40:48+00:00,usd_mxn,17.81,17.82,0.056
2024-07-18 14:40:49+00:00,usd_mxn,17.81,17.82,0.056
2024-07-18 14:40:50+00:00,usd_mxn,17.81,17.82,0.056
2024-07-18 14:40:51+00:00,usd_mxn,17.81,17.82,0.056
2024-07-18 14:40:52+00:00,usd_mxn,17.81,17.82,0.056
2024-07-18 14:40:53+00:00,usd_mxn,17.81,17.82,0.056
2024-07-18 14:40:54+00:00,usd_mxn,17.81,17.82,0.056
2024-07-18 14:40:55+00:00,usd_mxn,17.81,17.82,0.056
2024-07-18 14:40:56+00:00,usd_mxn,17.81,17.82,0.056
2024-07-18 14:40:57+00:00,usd_mxn,17.81,17.82,0.056
2024-07-18 14:40:58+00:00,usd_mxn,17.81,17.82,0.056
2024-07-18 14:40:59+00:00,usd_mxn,17.81,17.82,0.056
2024-07-18 14:41:00+00:00,usd_mxn,17.81,17.82,0.056
2024-07-18 14:41:01+00:00,usd_mxn,17.81,17.82,0.056
2024-07-18 14:41:02+00:00,usd_mxn,17.81,17.82,0.056
2024-07-18 14:41:03+00:00,usd_mxn,17.81,17.82,0.056
2024-07-18 14:41:04+00:00,usd_mxn,17.81,17.82,0.056
2024-07-18 14:41:05+00:00,usd_mxn,17.81,17.82,0.056
2024-07-18 14:41:07+00:00,usd_mxn,17.81,17.82,0.056
2024-07-18 14:41:08+00:00,usd_mxn,17.81,17.82,0.056
2024-07-18 14:41:09+00:00,usd_mxn,17.81,17.82,0.056
2024-07-18 14:41:10+00:00,usd_mxn,17.81,17.82,0.056
2024-07-18 14:41:11+00:00,usd_mxn,17.81,17.82,0.056
2024-07-18 14:41:12+00:00,usd_mxn,17.8,17.82,0.112
2024-07-18 14:41:13+00:00,usd_mxn,17.8,17.82,0.112
2024-07-18 14:41:14+00:00,usd_mxn,17.8,17.82,0.112
2024-07-18 14:41:15+00:00,usd_mxn,17.81,17.82,0.056
2024-07-18 14:41:16+00:00,usd_mxn,17.81,17.82,0.056
2024-07-18 14:41:17+00:00,usd_mxn,17.81,17.82,0.056
2024-07-18 14:41:18+00:00,usd_mxn,17.81,17.82,0.056
2024-07-18 14:41:19+00:00,usd_mxn,17.81,17.82,0.056
2024-07-18 14:41:20+00:00,usd_mxn,17.81,17.82,0.056
2024-07-18 14:41:21+00:00,usd_mxn,17.81,17.82,0.056
2024-07-18 14:41:22+00:00,usd_mxn,17.81,17.82,0.056
2024-07-18 14:41:23+00:00,usd_mxn,17.81,17.82,0.056
2024-07-18 14:41:24+00:00,usd_mxn,17.81,17.82,0.056
2024-07-18 14:41:25+00:00,usd_mxn,17.81,17.82,0.056
2024-07-18 14:41:26+00:00,usd_mxn,17.81,17.82,0.056
2024-07-18 14:41:27+00:00,usd_mxn,17.81,17.82,0.056
2024-07-18 14:41:28+00:00,usd_mxn,17.81,17.82,0.056
2024-07-18 14:41:29+00:00,usd_mxn,17.81,17.82,0.056
2024-07-18 14:41:30+00:00,usd_mxn,17.81,17.82,0.056
2024-07-18 14:41:31+00:00,usd_mxn,17.81,17.82,0.056
2024-07-18 14:41:32+00:00,usd_mxn,17.81,17.82,0.056
2024-07-18 14:41:33+00:00,usd_mxn,17.81,17.82,0.056
2024-07-18 14:41:34+00:00,usd_mxn,17.81,17.82,0.056
2024-07-18 14:41:35+00:00,usd_mxn,17.81,17.82,0.056
2024-07-18 14:41:36+00:00,usd_mxn,17.81,17.82,0.056
2024-07-18 14:41:37+00:00,usd_mxn,17.81,17.82,0.056
2024-07-18 14:41:38+00:00,usd_mxn,17.81,17.82,0.056
2024-07-18 14:41:39+00:00,usd_mxn,17.81,17.82,0.056
2024-07-18 14:41:40+00:00,usd_mxn,17.81,17.82,0.056
2024-07-18 14:41:41+00:00,usd_mxn,17.81,17.82,0.056
2024-07-18 14:41:42+00:00,usd_mxn,17.81,17.82,0.056
2024-07-18 14:41:43+00:00,usd_mxn,17.81,17.82,0.056
2024-07-18 14:41:44+00:00,usd_mxn,17.81,17.82,0.056
2024-07-18 14:41:45+00:00,usd_mxn,17.81,17.82,0.056
2024-07-18 14:41:46+00:00,usd_mxn,17.81,17.82,0.056
2024-07-18 14:41:47+00:00,usd_mxn,17.81,17.82,0.056
2024-07-18 14:41:48+00:00,usd_mxn,17.81,17.82,0.056
2024-07-18 14:41:49+00:00,usd_mxn,17.81,17.82,0.056
2024-07-18 14:41:50+00:00,usd_mxn,17.81,17.82,0.056
2024-07-18 14:41:51+00:00,usd_mxn,17.81,17.82,0.056
2024-07-18 14:41:52+00:00,usd_mxn,17.81,17.82,0.056
2024-07-18 14:41:53+00:00,usd_mxn,17.81,17.82,0.056
2024-07-18 14:41:55+00:00,usd_mxn,17.81,17.82,0.056
2024-07-18 14:41:56+00:00,usd_mxn,17.81,17.82,0.056
2024-07-18 14:41:57+00:00,usd_mxn,17.81,17.82,0.056
2024-07-18 14:41:58+00:00,usd_mxn,17.81,17.82,0.056
2024-07-18 14:41:59+00:00,usd_mxn,17.81,17.82,0.056
2024-07-18 14:42:00+00:00,usd_mxn,17.81,17.82,0.056
2024-07-18 14:42:01+00:00,usd_mxn,17.81,17.82,0.056
2024-07-18 14:42:02+00:00,usd_mxn,17.81,17.82,0.056
2024-07-18 14:42:03+00:00,usd_mxn,17.81,17.82,0.056
2024-07-18 14:42:04+00:00,usd_mxn,17.81,17.82,0.056
2024-07-18 14:42:05+00:00,usd_mxn,17.81,17.82,0.056
2024-07-18 14:42:06+00:00,usd_mxn,17.81,17.82,0.056
2024-07-18 14:42:07+00:00,usd_mxn,17.81,17.82,0.056
2024-07-18 14:42:08+00:00,usd_mxn,17.81,17.82,0.056
2024-07-18 14:42:09+00:00,usd_mxn,17.81,17.82,0.056
2024-07-18 14:42:10+00:00,usd_mxn,17.81,17.82,0.056
2024-07-18 14:42:11+00:00,usd_mxn,17.81,17.82,0.056
2024-07-18 14:42:12+00:00,usd_mxn,17.81,17.82,0.056
2024-07-18 14:42:13+00:00,usd_mxn,17.81,17.82,0.056
2024-07-18 14:42:14+00:00,usd_mxn,17.81,17.82,0.056
2024-07-18 14:42:15+00:00,usd_mxn,17.81,17.82,0.056
2024-07-18 14:42:16+00:00,usd_mxn,17.81,17.82,0.056
2024-07-18 14:42:17+00:00,usd_mxn,17.81,17.82,0.056
2024-07-18 14:42:18+00:00,usd_mxn,17.81,17.82,0.056
2024-07-18 14:42:19+00:00,usd_mxn,17.81,17.82,0.056
2024-07-18 14:42:20+00:00,usd_mxn,17.81,17.82,0.056
2024-07-18 14:42:21+00:00,usd_mxn,17.81,17.82,0.056
2024-07-18 14:42:22+00:00,usd_mxn,17.81,17.82,0.056
2024-07-18 14:42:23+00:00,usd_mxn,17.81,17.82,0.056
2024-07-18 14:42:24+00:00,usd_mxn,17.81,17.82,0.056
2024-07-18 14:42:25+00:00,usd_mxn,17.81,17.82,0.056
2024-07-18 14:42:26+00:00,usd_mxn,17.81,17.82,0.056
2024-07-18 14:42:27+00:00,usd_mxn,17.81,17.82,0.056
2024-07-18 14:42:28+00:00,usd_mxn,17.81,17.82,0.056
2024-07-18 14:42:29+00:00,usd_mxn,17.81,17.82,0.056
2024-07-18 14:42:30+00:00,usd_mxn,17.81,17.82,0.056
2024-07-18 14:42:31+00:00,usd_mxn,17.81,17.82,0.056
2024-07-18 14:42:32+00:00,usd_mxn,17.81,17.82,0.056
2024-07-18 14:42:33+00:00,usd_mxn,17.81,17.82,0.056
2024-07-18 14:42:34+00:00,usd_mxn,17.81,17.82,0.056
2024-07-18 14:42:35+00:00,usd_mxn,17.81,17.82,0.056
2024-07-18 14:42:36+00:00,usd_mxn,17.81,17.82,0.056
2024-07-18 14:42:37+00:00,usd_mxn,17.81,17.82,0.056
2024-07-18 14:42:38+00:00,usd_mxn,17.81,17.82,0.056
2024-07-18 14:42:39+00:00,usd_mxn,17.81,17.82,0.056
2024-07-18 14:42:40+00:00,usd_mxn,17.81,17.82,0.056
2024-07-18 14:42:41+00:00,usd_mxn,17.81,17.82,0.056
2024-07-18 14:42:42+00:00,usd_mxn,17.81,17.82,0.056
2024-07-18 14:42:43+00:00,usd_mxn,17.81,17.82,0.056
2024-07-18 14:42:44+00:00,usd_mxn,17.81,17.82,0.056
2024-07-18 14:42:45+00:00,usd_mxn,17.81,17.82,0.056
2024-07-18 14:42:46+00:00,usd_mxn,17.81,17.82,0.056
2024-07-18 14:42:47+00:00,usd_mxn,17.81,17.82,0.056
2024-07-18 14:42:48+00:00,usd_mxn,17.81,17.82,0.056
2024-07-18 14:42:49+00:00,usd_mxn,17.81,17.82,0.056
2024-07-18 14:42:50+00:00,usd_mxn,17.81,17.82,0.056
2024-07-18 14:42:51+00:00,usd_mxn,17.81,17.82,0.056
2024-07-18 14:42:52+00:00,usd_mxn,17.81,17.82,0.056
2024-07-18 14:42:54+00:00,usd_mxn,17.81,17.82,0.056
2024-07-18 14:42:55+00:00,usd_mxn,17.81,17.82,0.056
2024-07-18 14:42:56+00:00,usd_mxn,17.81,17.82,0.056
2024-07-18 14:42:57+00:00,usd_mxn,17.81,17.82,0.056
2024-07-18 14:42:58+00:00,usd_mxn,17.81,17.82,0.056
2024-07-18 14:42:59+00:00,usd_mxn,17.81,17.82,0.056
2024-07-18 14:43:00+00:00,usd_mxn,17.81,17.82,0.056
2024-07-18 14:43:01+00:00,usd_mxn,17.81,17.82,0.056
2024-07-18 14:43:02+00:00,usd_mxn,17.81,17.82,0.056
2024-07-18 14:43:03+00:00,usd_mxn,17.81,17.82,0.056
2024-07-18 14:43:04+00:00,usd_mxn,17.81,17.82,0.056
2024-07-18 14:43:05+00:00,usd_mxn,17.81,17.82,0.056
2024-07-18 14:43:06+00:00,usd_mxn,17.81,17.82,0.056
2024-07-18 14:43:07+00:00,usd_mxn,17.81,17.82,0.056
2024-07-18 14:43:08+00:00,usd_mxn,17.81,17.82,0.056
2024-07-18 14:43:09+00:00,usd_mxn,17.81,17.82,0.056
2024-07-18 14:43:10+00:00,usd_mxn,17.81,17.82,0.056
2024-07-18 14:43:11+00:00,usd_mxn,17.81,17.82,0.056
2024-07-18 14:43:12+00:00,usd_mxn,17.81,17.82,0.056
2024-07-18 14:43:13+00:00,usd_mxn,17.81,17.82,0.056
2024-07-18 14:43:14+00:00,usd_mxn,17.81,17.82,0.056
2024-07-18 14:43:15+00:00,usd_mxn,17.81,17.82,0.056
2024-07-18 14:43:16+00:00,usd_mxn,17.81,17.82,0.056
2024-07-18 14:43:17+00:00,usd_mxn,17.81,17.82,0.056
2024-07-18 14:43:18+00:00,usd_mxn,17.81,17.82,0.056
2024-07-18 14:43:19+00:00,usd_mxn,17.81,17.82,0.056
2024-07-18 14:43:20+00:00,usd_mxn,17.81,17.82,0.056
2024-07-18 14:43:21+00:00,usd_mxn,17.81,17.82,0.056
2024-07-18 14:43:22+00:00,usd_mxn,17.81,17.82,0.056
2024-07-18 14:43:23+00:00,usd_mxn,17.81,17.82,0.056
2024-07-18 14:43:24+00:00,usd_mxn,17.81,17.82,0.056
2024-07-18 14:43:25+00:00,usd_mxn,17.81,17.82,0.056
2024-07-18 14:43:26+00:00,usd_mxn,17.81,17.82,0.056
2024-07-18 14:43:27+00:00,usd_mxn,17.81,17.82,0.056
2024-07-18 14:43:28+00:00,usd_mxn,17.81,17.82,0.056
2024-07-18 14:43:29+00:00,usd_mxn,17.81,17.82,0.056
2024-07-18 14:43:30+00:00,usd_mxn,17.81,17.82,0.056
2024-07-18 14:43:31+00:00,usd_mxn,17.81,17.82,0.056
2024-07-18 14:43:32+00:00,usd_mxn,17.81,17.82,0.056
2024-07-18 14:43:33+00:00,usd_mxn,17.81,17.82,0.056
2024-07-18 14:43:34+00:00,usd_mxn,17.81,17.82,0.056
2024-07-18 14:43:35+00:00,usd_mxn,17.81,17.82,0.056
2024-07-18 14:43:36+00:00,usd_mxn,17.81,17.82,0.056
2024-07-18 14:43:37+00:00,usd_mxn,17.81,17.82,0.056
2024-07-18 14:43:38+00:00,usd_mxn,17.81,17.82,0.056
2024-07-18 14:43:39+00:00,usd_mxn,17.81,17.82,0.056
2024-07-18 14:43:40+00:00,usd_mxn,17.81,17.82,0.056
2024-07-18 14:43:41+00:00,usd_mxn,17.81,17.82,0.056
2024-07-18 14:43:42+00:00,usd_mxn,17.81,17.82,0.056
2024-07-18 14:43:43+00:00,usd_mxn,17.81,17.82,0.056
2024-07-18 14:43:44+00:00,usd_mxn,17.81,17.82,0.056
2024-07-18 14:43:45+00:00,usd_mxn,17.81,17.82,0.056
2024-07-18 14:43:46+00:00,usd_mxn,17.81,17.82,0.056
2024-07-18 14:43:47+00:00,usd_mxn,17.81,17.82,0.056
2024-07-18 14:43:48+00:00,usd_mxn,17.81,17.82,0.056
2024-07-18 14:43:49+00:00,usd_mxn,17.81,17.82,0.056
2024-07-18 14:43:50+00:00,usd_mxn,17.81,17.82,0.056
2024-07-18 14:43:51+00:00,usd_mxn,17.81,17.82,0.056
2024-07-18 14:43:52+00:00,usd_mxn,17.81,17.82,0.056
2024-07-18 14:43:53+00:00,usd_mxn,17.81,17.82,0.056
2024-07-18 14:43:55+00:00,usd_mxn,17.81,17.82,0.056
2024-07-18 14:43:56+00:00,usd_mxn,17.81,17.82,0.056
2024-07-18 14:43:56+00:00,usd_mxn,17.81,17.82,0.056
2024-07-18 14:43:58+00:00,usd_mxn,17.81,17.82,0.056
2024-07-18 14:43:58+00:00,usd_mxn,17.81,17.82,0.056
2024-07-18 14:44:00+00:00,usd_mxn,17.81,17.82,0.056
2024-07-18 14:44:01+00:00,usd_mxn,17.81,17.82,0.056
2024-07-18 14:44:02+00:00,usd_mxn,17.81,17.82,0.056
2024-07-18 14:44:03+00:00,usd_mxn,17.81,17.82,0.056
2024-07-18 14:44:04+00:00,usd_mxn,17.81,17.82,0.056
2024-07-18 14:44:05+00:00,usd_mxn,17.81,17.82,0.056
2024-07-18 14:44:06+00:00,usd_mxn,17.81,17.82,0.056
2024-07-18 14:44:07+00:00,usd_mxn,17.81,17.82,0.056
2024-07-18 14:44:08+00:00,usd_mxn,17.81,17.82,0.056
2024-07-18 14:44:09+00:00,usd_mxn,17.81,17.82,0.056
2024-07-18 14:44:10+00:00,usd_mxn,17.81,17.82,0.056
2024-07-18 14:44:11+00:00,usd_mxn,17.81,17.82,0.056
2024-07-18 14:44:12+00:00,usd_mxn,17.81,17.82,0.056
2024-07-18 14:44:13+00:00,usd_mxn,17.81,17.82,0.056
2024-07-18 14:44:14+00:00,usd_mxn,17.81,17.82,0.056
2024-07-18 14:44:15+00:00,usd_mxn,17.81,17.82,0.056
2024-07-18 14:44:16+00:00,usd_mxn,17.81,17.82,0.056
2024-07-18 14:44:17+00:00,usd_mxn,17.81,17.82,0.056
2024-07-18 14:44:18+00:00,usd_mxn,17.81,17.82,0.056
2024-07-18 14:44:19+00:00,usd_mxn,17.81,17.82,0.056
2024-07-18 14:44:20+00:00,usd_mxn,17.81,17.82,0.056
2024-07-18 14:44:21+00:00,usd_mxn,17.81,17.82,0.056
2024-07-18 14:44:22+00:00,usd_mxn,17.81,17.82,0.056
2024-07-18 14:44:23+00:00,usd_mxn,17.81,17.82,0.056
2024-07-18 14:44:24+00:00,usd_mxn,17.81,17.82,0.056
2024-07-18 14:44:25+00:00,usd_mxn,17.81,17.82,0.056
2024-07-18 14:44:26+00:00,usd_mxn,17.81,17.82,0.056
2024-07-18 14:44:27+00:00,usd_mxn,17.81,17.82,0.056
2024-07-18 14:44:28+00:00,usd_mxn,17.81,17.82,0.056
2024-07-18 14:44:29+00:00,usd_mxn,17.81,17.82,0.056
2024-07-18 14:44:30+00:00,usd_mxn,17.81,17.82,0.056
2024-07-18 14:44:31+00:00,usd_mxn,17.81,17.82,0.056
2024-07-18 14:44:32+00:00,usd_mxn,17.81,17.82,0.056
2024-07-18 14:44:33+00:00,usd_mxn,17.81,17.82,0.056
2024-07-18 14:44:34+00:00,usd_mxn,17.81,17.82,0.056
2024-07-18 14:44:35+00:00,usd_mxn,17.81,17.82,0.056
2024-07-18 14:44:36+00:00,usd_mxn,17.81,17.82,0.056
2024-07-18 14:44:37+00:00,usd_mxn,17.81,17.82,0.056
2024-07-18 14:44:38+00:00,usd_mxn,17.81,17.82,0.056
2024-07-18 14:44:39+00:00,usd_mxn,17.81,17.82,0.056
2024-07-18 14:44:40+00:00,usd_mxn,17.81,17.82,0.056
2024-07-18 14:44:41+00:00,usd_mxn,17.81,17.82,0.056
2024-07-18 14:44:42+00:00,usd_mxn,17.81,17.82,0.056
2024-07-18 14:44:44+00:00,usd_mxn,17.81,17.82,0.056
2024-07-18 14:44:45+00:00,usd_mxn,17.81,17.82,0.056
2024-07-18 14:44:46+00:00,usd_mxn,17.81,17.82,0.056
2024-07-18 14:44:47+00:00,usd_mxn,17.81,17.82,0.056
2024-07-18 14:44:48+00:00,usd_mxn,17.81,17.82,0.056
2024-07-18 14:44:49+00:00,usd_mxn,17.81,17.82,0.056
2024-07-18 14:44:50+00:00,usd_mxn,17.81,17.82,0.056
2024-07-18 14:44:51+00:00,usd_mxn,17.81,17.82,0.056
2024-07-18 14:44:52+00:00,usd_mxn,17.81,17.82,0.056
2024-07-18 14:44:53+00:00,usd_mxn,17.81,17.82,0.056
2024-07-18 14:44:54+00:00,usd_mxn,17.81,17.82,0.056
2024-07-18 14:44:55+00:00,usd_mxn,17.81,17.82,0.056
2024-07-18 14:44:56+00:00,usd_mxn,17.81,17.82,0.056
2024-07-18 14:44:57+00:00,usd_mxn,17.81,17.82,0.056
2024-07-18 14:44:58+00:00,usd_mxn,17.81,17.82,0.056
2024-07-18 14:44:59+00:00,usd_mxn,17.81,17.82,0.056
2024-07-18 14:45:00+00:00,usd_mxn,17.81,17.82,0.056
2024-07-18 14:45:01+00:00,usd_mxn,17.81,17.82,0.056
2024-07-18 14:45:02+00:00,usd_mxn,17.81,17.82,0.056
2024-07-18 14:45:03+00:00,usd_mxn,17.81,17.82,0.056
2024-07-18 14:45:04+00:00,usd_mxn,17.81,17.82,0.056
2024-07-18 14:45:05+00:00,usd_mxn,17.81,17.82,0.056
2024-07-18 14:45:06+00:00,usd_mxn,17.81,17.82,0.056
2024-07-18 14:45:07+00:00,usd_mxn,17.81,17.82,0.056
2024-07-18 14:45:08+00:00,usd_mxn,17.81,17.82,0.056
2024-07-18 14:45:09+00:00,usd_mxn,17.81,17.82,0.056
2024-07-18 14:45:10+00:00,usd_mxn,17.81,17.82,0.056
2024-07-18 14:45:11+00:00,usd_mxn,17.81,17.82,0.056
2024-07-18 14:45:12+00:00,usd_mxn,17.81,17.82,0.056
2024-07-18 14:45:13+00:00,usd_mxn,17.81,17.82,0.056
2024-07-18 14:45:14+00:00,usd_mxn,17.81,17.82,0.056
2024-07-18 14:45:15+00:00,usd_mxn,17.81,17.82,0.056
2024-07-18 14:45:16+00:00,usd_mxn,17.81,17.82,0.056
2024-07-18 14:45:17+00:00,usd_mxn,17.81,17.82,0.056
2024-07-18 14:45:18+00:00,usd_mxn,17.81,17.82,0.056
2024-07-18 14:45:19+00:00,usd_mxn,17.81,17.82,0.056
2024-07-18 14:45:20+00:00,usd_mxn,17.81,17.82,0.056
2024-07-18 14:45:21+00:00,usd_mxn,17.81,17.82,0.056
2024-07-18 14:45:22+00:00,usd_mxn,17.81,17.82,0.056
2024-07-18 14:45:23+00:00,usd_mxn,17.81,17.82,0.056
2024-07-18 14:45:24+00:00,usd_mxn,17.81,17.82,0.056
2024-07-18 14:45:25+00:00,usd_mxn,17.81,17.82,0.056
2024-07-18 14:45:26+00:00,usd_mxn,17.81,17.82,0.056
2024-07-18 14:45:27+00:00,usd_mxn,17.81,17.82,0.056
2024-07-18 14:45:28+00:00,usd_mxn,17.81,17.82,0.056
2024-07-18 14:45:29+00:00,usd_mxn,17.81,17.82,0.056
2024-07-18 14:45:30+00:00,usd_mxn,17.81,17.82,0.056
2024-07-18 14:45:31+00:00,usd_mxn,17.81,17.82,0.056
2024-07-18 14:45:32+00:00,usd_mxn,17.81,17.82,0.056
2024-07-18 14:45:33+00:00,usd_mxn,17.81,17.82,0.056
2024-07-18 14:45:34+00:00,usd_mxn,17.81,17.82,0.056
2024-07-18 14:45:35+00:00,usd_mxn,17.81,17.82,0.056
2024-07-18 14:45:36+00:00,usd_mxn,17.81,17.82,0.056
2024-07-18 14:45:37+00:00,usd_mxn,17.81,17.82,0.056
2024-07-18 14:45:38+00:00,usd_mxn,17.81,17.82,0.056
2024-07-18 14:45:39+00:00,usd_mxn,17.81,17.82,0.056
2024-07-18 14:45:40+00:00,usd_mxn,17.81,17.82,0.056
2024-07-18 14:45:41+00:00,usd_mxn,17.81,17.82,0.056
2024-07-18 14:45:42+00:00,usd_mxn,17.81,17.82,0.056
2024-07-18 14:45:44+00:00,usd_mxn,17.81,17.82,0.056
2024-07-18 14:45:44+00:00,usd_mxn,17.81,17.82,0.056
2024-07-18 14:45:46+00:00,usd_mxn,17.81,17.82,0.056
2024-07-18 14:45:47+00:00,usd_mxn,17.81,17.82,0.056
2024-07-18 14:45:48+00:00,usd_mxn,17.81,17.82,0.056
2024-07-18 14:45:49+00:00,usd_mxn,17.81,17.82,0.056
2024-07-18 14:45:50+00:00,usd_mxn,17.81,17.82,0.056
2024-07-18 14:45:51+00:00,usd_mxn,17.81,17.82,0.056
2024-07-18 14:45:52+00:00,usd_mxn,17.81,17.82,0.056
