orderbook_timestamp,book,bid,ask,spread
2024-07-18 04:41:02+00:00,btc_mxn,1146809.98,1146810.0,0.0
2024-07-18 04:41:03+00:00,btc_mxn,1146809.98,1146810.0,0.0
2024-07-18 04:41:04+00:00,btc_mxn,1146809.98,1146810.0,0.0
2024-07-18 04:41:05+00:00,btc_mxn,1146809.98,1146810.0,0.0
2024-07-18 04:41:06+00:00,btc_mxn,1146809.98,1146810.0,0.0
2024-07-18 04:41:07+00:00,btc_mxn,1146809.98,1146810.0,0.0
2024-07-18 04:41:08+00:00,btc_mxn,1146809.98,1146810.0,0.0
2024-07-18 04:41:09+00:00,btc_mxn,1146809.98,1146810.0,0.0
2024-07-18 04:41:10+00:00,btc_mxn,1146809.98,1146810.0,0.0
2024-07-18 04:41:11+00:00,btc_mxn,1146809.98,1146810.0,0.0
2024-07-18 04:41:12+00:00,btc_mxn,1146809.98,1146810.0,0.0
2024-07-18 04:41:13+00:00,btc_mxn,1146809.98,1146810.0,0.0
2024-07-18 04:41:14+00:00,btc_mxn,1146809.98,1146810.0,0.0
2024-07-18 04:41:15+00:00,btc_mxn,1146809.98,1146810.0,0.0
2024-07-18 04:41:16+00:00,btc_mxn,1146809.98,1146810.0,0.0
2024-07-18 04:41:17+00:00,btc_mxn,1146809.98,1146810.0,0.0
2024-07-18 04:41:18+00:00,btc_mxn,1146809.98,1146810.0,0.0
2024-07-18 04:41:19+00:00,btc_mxn,1146809.98,1146810.0,0.0
2024-07-18 04:41:20+00:00,btc_mxn,1146809.98,1146810.0,0.0
2024-07-18 04:41:21+00:00,btc_mxn,1146809.98,1146810.0,0.0
2024-07-18 04:41:22+00:00,btc_mxn,1146809.98,1146810.0,0.0
2024-07-18 04:41:23+00:00,btc_mxn,1146809.98,1146810.0,0.0
2024-07-18 04:41:24+00:00,btc_mxn,1146809.98,1146810.0,0.0
2024-07-18 04:41:25+00:00,btc_mxn,1146809.98,1146810.0,0.0
2024-07-18 04:41:26+00:00,btc_mxn,1146809.98,1146810.0,0.0
2024-07-18 04:41:27+00:00,btc_mxn,1146809.98,1146810.0,0.0
2024-07-18 04:41:28+00:00,btc_mxn,1146809.98,1146810.0,0.0
2024-07-18 04:41:29+00:00,btc_mxn,1146809.98,1146810.0,0.0
2024-07-18 04:41:31+00:00,btc_mxn,1146809.98,1146810.0,0.0
2024-07-18 04:41:32+00:00,btc_mxn,1146809.98,1146810.0,0.0
2024-07-18 04:41:33+00:00,btc_mxn,1146809.98,1146810.0,0.0
2024-07-18 04:41:34+00:00,btc_mxn,1146809.98,1146810.0,0.0
2024-07-18 04:41:35+00:00,btc_mxn,1146809.98,1146810.0,0.0
2024-07-18 04:41:36+00:00,btc_mxn,1146809.98,1146810.0,0.0
2024-07-18 04:41:37+00:00,btc_mxn,1146809.98,1146810.0,0.0
2024-07-18 04:41:38+00:00,btc_mxn,1146809.98,1146810.0,0.0
2024-07-18 04:41:39+00:00,btc_mxn,1146809.98,1146810.0,0.0
2024-07-18 04:41:40+00:00,btc_mxn,1146809.98,1146810.0,0.0
2024-07-18 04:41:41+00:00,btc_mxn,1146809.98,1146810.0,0.0
2024-07-18 04:41:42+00:00,btc_mxn,1146809.98,1146810.0,0.0
2024-07-18 04:41:43+00:00,btc_mxn,1146809.98,1146810.0,0.0
2024-07-18 04:41:44+00:00,btc_mxn,1146809.98,1146810.0,0.0
2024-07-18 04:41:45+00:00,btc_mxn,1146809.98,1146810.0,0.0
2024-07-18 04:41:46+00:00,btc_mxn,1146809.98,1146810.0,0.0
2024-07-18 04:41:47+00:00,btc_mxn,1146809.98,1146810.0,0.0
2024-07-18 04:41:48+00:00,btc_mxn,1146809.98,1146810.0,0.0
2024-07-18 04:41:49+00:00,btc_mxn,1146809.98,1146810.0,0.0
2024-07-18 04:41:50+00:00,btc_mxn,1146809.98,1146810.0,0.0
2024-07-18 04:41:51+00:00,btc_mxn,1146809.98,1146810.0,0.0
2024-07-18 04:41:52+00:00,btc_mxn,1146809.98,1146810.0,0.0
2024-07-18 04:41:53+00:00,btc_mxn,1146809.98,1146810.0,0.0
2024-07-18 04:41:54+00:00,btc_mxn,1146809.98,1146810.0,0.0
2024-07-18 04:41:55+00:00,btc_mxn,1146809.98,1146810.0,0.0
2024-07-18 04:41:56+00:00,btc_mxn,1146809.98,1146810.0,0.0
2024-07-18 04:41:57+00:00,btc_mxn,1146809.98,1146810.0,0.0
2024-07-18 04:41:58+00:00,btc_mxn,1146809.98,1146810.0,0.0
2024-07-18 04:41:59+00:00,btc_mxn,1146809.98,1146810.0,0.0
2024-07-18 04:42:00+00:00,btc_mxn,1146809.98,1146810.0,0.0
2024-07-18 04:42:01+00:00,btc_mxn,1146809.98,1146810.0,0.0
2024-07-18 04:42:02+00:00,btc_mxn,1146809.98,1146810.0,0.0
2024-07-18 04:42:03+00:00,btc_mxn,1146809.98,1146810.0,0.0
2024-07-18 04:42:04+00:00,btc_mxn,1146809.98,1146810.0,0.0
2024-07-18 04:42:05+00:00,btc_mxn,1146809.98,1146810.0,0.0
2024-07-18 04:42:06+00:00,btc_mxn,1146809.98,1146810.0,0.0
2024-07-18 04:42:07+00:00,btc_mxn,1146809.98,1146810.0,0.0
2024-07-18 04:42:08+00:00,btc_mxn,1146809.98,1146810.0,0.0
2024-07-18 04:42:09+00:00,btc_mxn,1146809.98,1146810.0,0.0
2024-07-18 04:42:10+00:00,btc_mxn,1146809.98,1146810.0,0.0
2024-07-18 04:42:11+00:00,btc_mxn,1146809.98,1146810.0,0.0
2024-07-18 04:42:12+00:00,btc_mxn,1146809.98,1146810.0,0.0
2024-07-18 04:42:13+00:00,btc_mxn,1146809.98,1146810.0,0.0
2024-07-18 04:42:14+00:00,btc_mxn,1146809.98,1146810.0,0.0
2024-07-18 04:42:15+00:00,btc_mxn,1146809.98,1146810.0,0.0
2024-07-18 04:42:16+00:00,btc_mxn,1146809.98,1146810.0,0.0
2024-07-18 04:42:17+00:00,btc_mxn,1146809.98,1146810.0,0.0
2024-07-18 04:42:18+00:00,btc_mxn,1146809.98,1146810.0,0.0
2024-07-18 04:42:19+00:00,btc_mxn,1146809.98,1146810.0,0.0
2024-07-18 04:42:20+00:00,btc_mxn,1146809.98,1146810.0,0.0
2024-07-18 04:42:21+00:00,btc_mxn,1146809.98,1146810.0,0.0
2024-07-18 04:42:22+00:00,btc_mxn,1146809.98,1146810.0,0.0
2024-07-18 04:42:23+00:00,btc_mxn,1146809.98,1146810.0,0.0
2024-07-18 04:42:24+00:00,btc_mxn,1146809.98,1146810.0,0.0
2024-07-18 04:42:25+00:00,btc_mxn,1146809.98,1146810.0,0.0
2024-07-18 04:42:26+00:00,btc_mxn,1146809.98,1146810.0,0.0
2024-07-18 04:42:27+00:00,btc_mxn,1146809.98,1146810.0,0.0
2024-07-18 04:42:28+00:00,btc_mxn,1146809.98,1146810.0,0.0
2024-07-18 04:42:30+00:00,btc_mxn,1146809.98,1146810.0,0.0
2024-07-18 04:42:31+00:00,btc_mxn,1146809.98,1146810.0,0.0
2024-07-18 04:42:32+00:00,btc_mxn,1146809.98,1146810.0,0.0
2024-07-18 04:42:33+00:00,btc_mxn,1146809.98,1146810.0,0.0
2024-07-18 04:42:34+00:00,btc_mxn,1146809.98,1146810.0,0.0
2024-07-18 04:42:35+00:00,btc_mxn,1146809.98,1146810.0,0.0
2024-07-18 04:42:36+00:00,btc_mxn,1146809.98,1146810.0,0.0
2024-07-18 04:42:37+00:00,btc_mxn,1146809.98,1146810.0,0.0
2024-07-18 04:42:38+00:00,btc_mxn,1146809.98,1146810.0,0.0
2024-07-18 04:42:39+00:00,btc_mxn,1146809.98,1146810.0,0.0
2024-07-18 04:42:40+00:00,btc_mxn,1146809.98,1146810.0,0.0
2024-07-18 04:42:41+00:00,btc_mxn,1146809.98,1146810.0,0.0
2024-07-18 04:42:42+00:00,btc_mxn,1146809.98,1146810.0,0.0
2024-07-18 04:42:43+00:00,btc_mxn,1146809.98,1146810.0,0.0
2024-07-18 12:21:34+00:00,btc_mxn,1146699.98,1146700.02,0.0
2024-07-18 12:21:36+00:00,btc_mxn,1146699.98,1146700.02,0.0
2024-07-18 12:21:37+00:00,btc_mxn,1146699.98,1146700.02,0.0
2024-07-18 12:21:37+00:00,btc_mxn,1146699.98,1146700.02,0.0
2024-07-18 12:21:39+00:00,btc_mxn,1146699.98,1146700.02,0.0
2024-07-18 12:21:40+00:00,btc_mxn,1146699.98,1146700.02,0.0
2024-07-18 12:21:40+00:00,btc_mxn,1146699.98,1146700.02,0.0
2024-07-18 12:21:42+00:00,btc_mxn,1146699.98,1146700.02,0.0
2024-07-18 12:21:43+00:00,btc_mxn,1146699.98,1146700.02,0.0
2024-07-18 12:21:44+00:00,btc_mxn,1146699.98,1146700.02,0.0
2024-07-18 12:21:45+00:00,btc_mxn,1146699.98,1146700.02,0.0
2024-07-18 12:21:46+00:00,btc_mxn,1146699.98,1146700.02,0.0
2024-07-18 12:21:47+00:00,btc_mxn,1146699.98,1146700.02,0.0
2024-07-18 12:21:48+00:00,btc_mxn,1146699.98,1146700.02,0.0
2024-07-18 12:21:49+00:00,btc_mxn,1146699.98,1146700.02,0.0
2024-07-18 12:21:50+00:00,btc_mxn,1146699.98,1146700.02,0.0
2024-07-18 12:21:51+00:00,btc_mxn,1146699.98,1146700.02,0.0
2024-07-18 12:21:52+00:00,btc_mxn,1146699.98,1146700.02,0.0
2024-07-18 12:21:53+00:00,btc_mxn,1146699.98,1146700.02,0.0
2024-07-18 12:21:54+00:00,btc_mxn,1146699.98,1146700.02,0.0
2024-07-18 12:21:55+00:00,btc_mxn,1146699.98,1146700.02,0.0
2024-07-18 12:21:56+00:00,btc_mxn,1146699.98,1146700.02,0.0
2024-07-18 12:21:57+00:00,btc_mxn,1146699.98,1146700.02,0.0
2024-07-18 12:21:58+00:00,btc_mxn,1146699.98,1146700.02,0.0
2024-07-18 12:21:59+00:00,btc_mxn,1146699.98,1146700.02,0.0
2024-07-18 12:22:00+00:00,btc_mxn,1146699.98,1146700.02,0.0
2024-07-18 12:22:01+00:00,btc_mxn,1146699.98,1146700.02,0.0
2024-07-18 12:22:02+00:00,btc_mxn,1146699.98,1146700.02,0.0
2024-07-18 12:22:03+00:00,btc_mxn,1146699.98,1146700.02,0.0
2024-07-18 12:22:04+00:00,btc_mxn,1146699.98,1146700.02,0.0
2024-07-18 12:22:05+00:00,btc_mxn,1146699.98,1146700.02,0.0
2024-07-18 12:22:06+00:00,btc_mxn,1146699.98,1146700.02,0.0
2024-07-18 12:22:07+00:00,btc_mxn,1146699.98,1146700.02,0.0
2024-07-18 12:22:08+00:00,btc_mxn,1146699.98,1146700.02,0.0
2024-07-18 12:22:09+00:00,btc_mxn,1146699.98,1146700.02,0.0
2024-07-18 12:22:10+00:00,btc_mxn,1146699.98,1146700.02,0.0
2024-07-18 12:22:11+00:00,btc_mxn,1146699.98,1146700.02,0.0
2024-07-18 12:22:12+00:00,btc_mxn,1146699.98,1146700.02,0.0
2024-07-18 12:22:13+00:00,btc_mxn,1146699.98,1146700.02,0.0
2024-07-18 12:22:14+00:00,btc_mxn,1146699.98,1146700.02,0.0
2024-07-18 12:22:15+00:00,btc_mxn,1146699.98,1146700.02,0.0
2024-07-18 12:22:16+00:00,btc_mxn,1146699.98,1146700.02,0.0
2024-07-18 12:22:17+00:00,btc_mxn,1146699.98,1146700.02,0.0
2024-07-18 12:22:18+00:00,btc_mxn,1146699.98,1146700.02,0.0
2024-07-18 12:22:19+00:00,btc_mxn,1146699.98,1146700.02,0.0
2024-07-18 12:22:20+00:00,btc_mxn,1146699.98,1146700.02,0.0
2024-07-18 12:22:21+00:00,btc_mxn,1146699.98,1146700.02,0.0
2024-07-18 12:22:22+00:00,btc_mxn,1146699.98,1146700.02,0.0
2024-07-18 12:22:23+00:00,btc_mxn,1146699.98,1146700.02,0.0
2024-07-18 12:22:24+00:00,btc_mxn,1146699.98,1146700.02,0.0
2024-07-18 12:22:25+00:00,btc_mxn,1146699.98,1146700.02,0.0
2024-07-18 12:22:27+00:00,btc_mxn,1146699.98,1146700.02,0.0
2024-07-18 12:22:28+00:00,btc_mxn,1146699.98,1146700.02,0.0
2024-07-18 12:22:29+00:00,btc_mxn,1146699.98,1146700.02,0.0
2024-07-18 12:22:30+00:00,btc_mxn,1146699.98,1146700.02,0.0
2024-07-18 12:22:31+00:00,btc_mxn,1146699.98,1146700.02,0.0
2024-07-18 12:22:32+00:00,btc_mxn,1146699.98,1146700.02,0.0
2024-07-18 12:22:33+00:00,btc_mxn,1146699.98,1146700.02,0.0
2024-07-18 12:22:34+00:00,btc_mxn,1146699.98,1146700.02,0.0
2024-07-18 12:22:35+00:00,btc_mxn,1146699.98,1146700.02,0.0
2024-07-18 12:22:36+00:00,btc_mxn,1146699.98,1146700.02,0.0
2024-07-18 12:22:37+00:00,btc_mxn,1146699.98,1146700.02,0.0
2024-07-18 12:22:38+00:00,btc_mxn,1146699.98,1146700.02,0.0
2024-07-18 12:22:39+00:00,btc_mxn,1146699.98,1146700.02,0.0
2024-07-18 12:22:40+00:00,btc_mxn,1146699.98,1146700.02,0.0
2024-07-18 12:22:41+00:00,btc_mxn,1146699.98,1146700.02,0.0
2024-07-18 12:22:42+00:00,btc_mxn,1146699.98,1146700.02,0.0
2024-07-18 12:22:43+00:00,btc_mxn,1146699.98,1146700.02,0.0
2024-07-18 12:22:44+00:00,btc_mxn,1146699.98,1146700.02,0.0
2024-07-18 12:22:45+00:00,btc_mxn,1146699.98,1146700.02,0.0
2024-07-18 12:22:46+00:00,btc_mxn,1146699.98,1146700.02,0.0
2024-07-18 12:22:47+00:00,btc_mxn,1146699.98,1146700.02,0.0
2024-07-18 12:22:48+00:00,btc_mxn,1146699.98,1146700.02,0.0
2024-07-18 12:22:49+00:00,btc_mxn,1146699.98,1146700.02,0.0
2024-07-18 12:22:50+00:00,btc_mxn,1146699.98,1146700.02,0.0
2024-07-18 12:22:51+00:00,btc_mxn,1146699.98,1146700.02,0.0
2024-07-18 12:22:52+00:00,btc_mxn,1146699.98,1146700.02,0.0
2024-07-18 12:22:53+00:00,btc_mxn,1146699.98,1146700.02,0.0
2024-07-18 12:22:54+00:00,btc_mxn,1146699.98,1146700.02,0.0
2024-07-18 12:22:55+00:00,btc_mxn,1146699.98,1146700.02,0.0
2024-07-18 12:22:56+00:00,btc_mxn,1146699.98,1146700.02,0.0
2024-07-18 12:22:57+00:00,btc_mxn,1146699.98,1146700.02,0.0
2024-07-18 12:22:58+00:00,btc_mxn,1146699.98,1146700.02,0.0
2024-07-18 12:22:59+00:00,btc_mxn,1146699.98,1146700.02,0.0
2024-07-18 12:23:00+00:00,btc_mxn,1146699.98,1146700.02,0.0
2024-07-18 12:23:01+00:00,btc_mxn,1146699.98,1146700.02,0.0
2024-07-18 12:23:02+00:00,btc_mxn,1146699.98,1146700.02,0.0
2024-07-18 12:23:03+00:00,btc_mxn,1146699.98,1146700.02,0.0
2024-07-18 12:23:04+00:00,btc_mxn,1146699.98,1146700.02,0.0
2024-07-18 12:23:05+00:00,btc_mxn,1146699.98,1146700.02,0.0
2024-07-18 12:23:06+00:00,btc_mxn,1146699.98,1146700.02,0.0
2024-07-18 12:23:07+00:00,btc_mxn,1146699.98,1146700.02,0.0
2024-07-18 12:23:08+00:00,btc_mxn,1146699.98,1146700.02,0.0
2024-07-18 12:23:09+00:00,btc_mxn,1146699.98,1146700.02,0.0
2024-07-18 12:23:10+00:00,btc_mxn,1146699.98,1146700.02,0.0
2024-07-18 12:23:11+00:00,btc_mxn,1146699.98,1146700.02,0.0
2024-07-18 12:23:12+00:00,btc_mxn,1146699.98,1146700.02,0.0
2024-07-18 12:23:13+00:00,btc_mxn,1146699.98,1146700.02,0.0
2024-07-18 12:23:14+00:00,btc_mxn,1146699.98,1146700.02,0.0
2024-07-18 12:23:15+00:00,btc_mxn,1146699.98,1146700.02,0.0
2024-07-18 12:23:16+00:00,btc_mxn,1146699.98,1146700.02,0.0
2024-07-18 12:23:17+00:00,btc_mxn,1146699.98,1146700.02,0.0
2024-07-18 12:23:18+00:00,btc_mxn,1146699.98,1146700.02,0.0
2024-07-18 12:23:19+00:00,btc_mxn,1146699.98,1146700.02,0.0
2024-07-18 12:23:20+00:00,btc_mxn,1146699.98,1146700.02,0.0
2024-07-18 12:23:21+00:00,btc_mxn,1146699.98,1146700.02,0.0
2024-07-18 12:23:22+00:00,btc_mxn,1146699.98,1146700.02,0.0
2024-07-18 12:23:24+00:00,btc_mxn,1146699.98,1146700.02,0.0
2024-07-18 12:23:25+00:00,btc_mxn,1146699.98,1146700.02,0.0
2024-07-18 12:23:26+00:00,btc_mxn,1146699.98,1146700.02,0.0
2024-07-18 12:23:27+00:00,btc_mxn,1146699.98,1146700.02,0.0
2024-07-18 12:23:28+00:00,btc_mxn,1146699.98,1146700.02,0.0
2024-07-18 12:23:29+00:00,btc_mxn,1146699.98,1146700.02,0.0
2024-07-18 12:23:30+00:00,btc_mxn,1146699.98,1146700.02,0.0
2024-07-18 12:23:31+00:00,btc_mxn,1146699.98,1146700.02,0.0
2024-07-18 12:23:32+00:00,btc_mxn,1146699.98,1146700.02,0.0
2024-07-18 12:23:33+00:00,btc_mxn,1146699.98,1146700.02,0.0
2024-07-18 12:23:34+00:00,btc_mxn,1146699.98,1146700.02,0.0
2024-07-18 12:23:35+00:00,btc_mxn,1146699.98,1146700.02,0.0
2024-07-18 12:23:36+00:00,btc_mxn,1146699.98,1146700.02,0.0
2024-07-18 12:23:37+00:00,btc_mxn,1146699.98,1146700.02,0.0
2024-07-18 12:23:38+00:00,btc_mxn,1146699.98,1146700.02,0.0
2024-07-18 12:23:39+00:00,btc_mxn,1146699.98,1146700.02,0.0
2024-07-18 12:23:40+00:00,btc_mxn,1146699.98,1146700.02,0.0
2024-07-18 12:23:41+00:00,btc_mxn,1146699.98,1146700.02,0.0
2024-07-18 12:23:42+00:00,btc_mxn,1146699.98,1146700.02,0.0
2024-07-18 12:23:43+00:00,btc_mxn,1146699.98,1146700.02,0.0
2024-07-18 12:23:44+00:00,btc_mxn,1146699.98,1146700.02,0.0
2024-07-18 12:23:45+00:00,btc_mxn,1146699.98,1146700.02,0.0
2024-07-18 12:23:46+00:00,btc_mxn,1146699.98,1146700.02,0.0
2024-07-18 12:23:47+00:00,btc_mxn,1146699.98,1146700.02,0.0
2024-07-18 12:23:48+00:00,btc_mxn,1146699.98,1146700.02,0.0
2024-07-18 12:23:49+00:00,btc_mxn,1146699.98,1146700.02,0.0
2024-07-18 12:23:50+00:00,btc_mxn,1146699.98,1146700.02,0.0
2024-07-18 12:23:51+00:00,btc_mxn,1146699.98,1146700.02,0.0
2024-07-18 12:23:52+00:00,btc_mxn,1146699.98,1146700.02,0.0
2024-07-18 12:23:53+00:00,btc_mxn,1146699.98,1146700.02,0.0
2024-07-18 12:23:54+00:00,btc_mxn,1146699.98,1146700.02,0.0
2024-07-18 12:23:55+00:00,btc_mxn,1146699.98,1146700.02,0.0
2024-07-18 12:23:56+00:00,btc_mxn,1146699.98,1146700.02,0.0
2024-07-18 12:23:57+00:00,btc_mxn,1146699.98,1146700.02,0.0
2024-07-18 12:23:58+00:00,btc_mxn,1146699.98,1146700.02,0.0
2024-07-18 12:23:59+00:00,btc_mxn,1146699.98,1146700.02,0.0
2024-07-18 12:24:00+00:00,btc_mxn,1146699.98,1146700.02,0.0
2024-07-18 12:24:01+00:00,btc_mxn,1146699.98,1146700.02,0.0
2024-07-18 12:24:02+00:00,btc_mxn,1146699.98,1146700.02,0.0
2024-07-18 12:24:03+00:00,btc_mxn,1146699.98,1146700.02,0.0
2024-07-18 12:24:04+00:00,btc_mxn,1146699.98,1146700.02,0.0
2024-07-18 12:24:05+00:00,btc_mxn,1146699.98,1146700.02,0.0
2024-07-18 12:24:06+00:00,btc_mxn,1146699.98,1146700.02,0.0
2024-07-18 12:24:07+00:00,btc_mxn,1146699.98,1146700.02,0.0
2024-07-18 12:24:08+00:00,btc_mxn,1146699.98,1146700.02,0.0
2024-07-18 12:24:09+00:00,btc_mxn,1146699.98,1146700.02,0.0
2024-07-18 12:24:10+00:00,btc_mxn,1146699.98,1146700.02,0.0
2024-07-18 12:24:11+00:00,btc_mxn,1146699.98,1146700.02,0.0
2024-07-18 12:24:12+00:00,btc_mxn,1146699.98,1146700.02,0.0
2024-07-18 12:24:13+00:00,btc_mxn,1146699.98,1146700.02,0.0
2024-07-18 12:24:14+00:00,btc_mxn,1146699.98,1146700.02,0.0
2024-07-18 12:24:15+00:00,btc_mxn,1146699.98,1146700.02,0.0
2024-07-18 12:24:16+00:00,btc_mxn,1146699.98,1146700.02,0.0
2024-07-18 12:24:17+00:00,btc_mxn,1146699.98,1146700.02,0.0
2024-07-18 12:24:18+00:00,btc_mxn,1146699.98,1146700.02,0.0
2024-07-18 12:24:19+00:00,btc_mxn,1146699.98,1146700.02,0.0
2024-07-18 12:24:20+00:00,btc_mxn,1146699.98,1146700.02,0.0
2024-07-18 12:24:21+00:00,btc_mxn,1146699.98,1146700.02,0.0
2024-07-18 12:24:22+00:00,btc_mxn,1146699.98,1146700.02,0.0
2024-07-18 12:24:23+00:00,btc_mxn,1146699.98,1146700.02,0.0
2024-07-18 12:24:24+00:00,btc_mxn,1146699.98,1146700.02,0.0
2024-07-18 12:24:25+00:00,btc_mxn,1146699.98,1146700.02,0.0
2024-07-18 12:24:26+00:00,btc_mxn,1146699.98,1146700.02,0.0
2024-07-18 12:24:27+00:00,btc_mxn,1146699.98,1146700.02,0.0
2024-07-18 12:24:29+00:00,btc_mxn,1146699.98,1146700.02,0.0
2024-07-18 12:24:30+00:00,btc_mxn,1146699.98,1146700.02,0.0
2024-07-18 12:24:31+00:00,btc_mxn,1146699.98,1146700.02,0.0
2024-07-18 12:24:32+00:00,btc_mxn,1146699.98,1146700.02,0.0
2024-07-18 12:24:33+00:00,btc_mxn,1146699.98,1146700.02,0.0
2024-07-18 12:24:34+00:00,btc_mxn,1146699.98,1146700.02,0.0
2024-07-18 12:24:35+00:00,btc_mxn,1146699.98,1146700.02,0.0
2024-07-18 12:24:36+00:00,btc_mxn,1146699.98,1146700.02,0.0
2024-07-18 12:24:37+00:00,btc_mxn,1146699.98,1146700.02,0.0
2024-07-18 12:24:38+00:00,btc_mxn,1146699.98,1146700.02,0.0
2024-07-18 12:24:39+00:00,btc_mxn,1146699.98,1146700.02,0.0
2024-07-18 12:24:40+00:00,btc_mxn,1146699.98,1146700.02,0.0
2024-07-18 12:24:41+00:00,btc_mxn,1146699.98,1146700.02,0.0
2024-07-18 12:24:42+00:00,btc_mxn,1146699.98,1146700.02,0.0
2024-07-18 12:24:43+00:00,btc_mxn,1146699.98,1146700.02,0.0
2024-07-18 12:24:44+00:00,btc_mxn,1146699.98,1146700.02,0.0
2024-07-18 12:24:45+00:00,btc_mxn,1146699.98,1146700.02,0.0
2024-07-18 12:24:46+00:00,btc_mxn,1146699.98,1146700.02,0.0
2024-07-18 12:24:47+00:00,btc_mxn,1146699.98,1146700.02,0.0
2024-07-18 12:24:48+00:00,btc_mxn,1146699.98,1146700.02,0.0
2024-07-18 12:24:49+00:00,btc_mxn,1146699.98,1146700.02,0.0
2024-07-18 12:24:50+00:00,btc_mxn,1146699.98,1146700.02,0.0
2024-07-18 12:24:51+00:00,btc_mxn,1146699.98,1146700.02,0.0
2024-07-18 12:24:52+00:00,btc_mxn,1146699.98,1146700.02,0.0
2024-07-18 12:24:53+00:00,btc_mxn,1146699.98,1146700.02,0.0
2024-07-18 12:24:54+00:00,btc_mxn,1146699.98,1146700.02,0.0
2024-07-18 12:24:55+00:00,btc_mxn,1146699.98,1146700.02,0.0
2024-07-18 12:24:56+00:00,btc_mxn,1146699.98,1146700.02,0.0
2024-07-18 12:24:57+00:00,btc_mxn,1146699.98,1146700.02,0.0
2024-07-18 12:24:58+00:00,btc_mxn,1146699.98,1146700.02,0.0
2024-07-18 12:24:59+00:00,btc_mxn,1146699.98,1146700.02,0.0
2024-07-18 12:25:00+00:00,btc_mxn,1146699.98,1146700.02,0.0
2024-07-18 12:25:01+00:00,btc_mxn,1146699.98,1146700.02,0.0
2024-07-18 12:25:02+00:00,btc_mxn,1146699.98,1146700.02,0.0
2024-07-18 12:25:03+00:00,btc_mxn,1146699.98,1146700.02,0.0
2024-07-18 12:25:04+00:00,btc_mxn,1146699.98,1146700.02,0.0
2024-07-18 12:25:05+00:00,btc_mxn,1146699.98,1146700.02,0.0
2024-07-18 12:25:06+00:00,btc_mxn,1146699.98,1146700.02,0.0
2024-07-18 12:25:07+00:00,btc_mxn,1146699.98,1146700.02,0.0
2024-07-18 12:25:08+00:00,btc_mxn,1146699.98,1146700.02,0.0
2024-07-18 12:25:09+00:00,btc_mxn,1146699.98,1146700.02,0.0
2024-07-18 12:25:10+00:00,btc_mxn,1146699.98,1146700.02,0.0
2024-07-18 12:25:11+00:00,btc_mxn,1146699.98,1146700.02,0.0
2024-07-18 12:25:12+00:00,btc_mxn,1146699.98,1146700.02,0.0
2024-07-18 12:25:13+00:00,btc_mxn,1146699.98,1146700.02,0.0
2024-07-18 12:25:14+00:00,btc_mxn,1146699.98,1146700.02,0.0
2024-07-18 12:25:15+00:00,btc_mxn,1146699.98,1146700.02,0.0
2024-07-18 12:25:16+00:00,btc_mxn,1146699.98,1146700.02,0.0
2024-07-18 12:25:17+00:00,btc_mxn,1146699.98,1146700.02,0.0
2024-07-18 12:25:18+00:00,btc_mxn,1146699.98,1146700.02,0.0
2024-07-18 12:25:19+00:00,btc_mxn,1146699.98,1146700.02,0.0
2024-07-18 12:25:20+00:00,btc_mxn,1146699.98,1146700.02,0.0
2024-07-18 12:25:21+00:00,btc_mxn,1146699.98,1146700.02,0.0
2024-07-18 12:25:22+00:00,btc_mxn,1146699.98,1146700.02,0.0
2024-07-18 12:25:23+00:00,btc_mxn,1146699.98,1146700.02,0.0
2024-07-18 12:25:24+00:00,btc_mxn,1146699.98,1146700.02,0.0
2024-07-18 12:25:25+00:00,btc_mxn,1146699.98,1146700.02,0.0
2024-07-18 12:25:26+00:00,btc_mxn,1146699.98,1146700.02,0.0
2024-07-18 12:25:27+00:00,btc_mxn,1146699.98,1146700.02,0.0
2024-07-18 12:25:28+00:00,btc_mxn,1146699.98,1146700.02,0.0
2024-07-18 12:25:29+00:00,btc_mxn,1146699.98,1146700.02,0.0
2024-07-18 12:25:30+00:00,btc_mxn,1146699.98,1146700.02,0.0
2024-07-18 12:25:31+00:00,btc_mxn,1146699.98,1146700.02,0.0
2024-07-18 12:25:32+00:00,btc_mxn,1146699.98,1146700.02,0.0
2024-07-18 12:25:33+00:00,btc_mxn,1146699.98,1146700.02,0.0
2024-07-18 12:25:34+00:00,btc_mxn,1146699.98,1146700.02,0.0
2024-07-18 12:25:35+00:00,btc_mxn,1146699.98,1146700.02,0.0
2024-07-18 12:25:37+00:00,btc_mxn,1146699.98,1146700.02,0.0
2024-07-18 12:25:38+00:00,btc_mxn,1146699.98,1146700.02,0.0
2024-07-18 12:25:39+00:00,btc_mxn,1146699.98,1146700.02,0.0
2024-07-18 12:25:40+00:00,btc_mxn,1146699.98,1146700.02,0.0
2024-07-18 12:25:41+00:00,btc_mxn,1146699.98,1146700.02,0.0
2024-07-18 12:25:42+00:00,btc_mxn,1146699.98,1146700.02,0.0
2024-07-18 12:25:43+00:00,btc_mxn,1146699.98,1146700.02,0.0
2024-07-18 12:25:44+00:00,btc_mxn,1146699.98,1146700.02,0.0
2024-07-18 12:25:45+00:00,btc_mxn,1146699.98,1146700.02,0.0
2024-07-18 12:25:46+00:00,btc_mxn,1146699.98,1146700.02,0.0
2024-07-18 12:25:47+00:00,btc_mxn,1146699.98,1146700.02,0.0
2024-07-18 12:25:48+00:00,btc_mxn,1146699.98,1146700.02,0.0
2024-07-18 12:25:49+00:00,btc_mxn,1146699.98,1146700.02,0.0
2024-07-18 12:25:50+00:00,btc_mxn,1146699.98,1146700.02,0.0
2024-07-18 12:25:51+00:00,btc_mxn,1146699.98,1146700.02,0.0
2024-07-18 12:25:52+00:00,btc_mxn,1146699.98,1146700.02,0.0
2024-07-18 12:25:53+00:00,btc_mxn,1146699.98,1146700.02,0.0
2024-07-18 12:25:54+00:00,btc_mxn,1146699.98,1146700.02,0.0
2024-07-18 12:25:55+00:00,btc_mxn,1146699.98,1146700.02,0.0
2024-07-18 12:25:56+00:00,btc_mxn,1146699.98,1146700.02,0.0
2024-07-18 12:25:57+00:00,btc_mxn,1146699.98,1146700.02,0.0
2024-07-18 12:25:58+00:00,btc_mxn,1146699.98,1146700.02,0.0
2024-07-18 12:25:59+00:00,btc_mxn,1146699.98,1146700.02,0.0
2024-07-18 12:26:00+00:00,btc_mxn,1146699.98,1146700.02,0.0
2024-07-18 12:26:01+00:00,btc_mxn,1146699.98,1146700.02,0.0
2024-07-18 12:26:02+00:00,btc_mxn,1146699.98,1146700.02,0.0
2024-07-18 12:26:03+00:00,btc_mxn,1146699.98,1146700.02,0.0
2024-07-18 12:26:04+00:00,btc_mxn,1146699.98,1146700.02,0.0
2024-07-18 12:26:05+00:00,btc_mxn,1144919.98,1144920.02,0.0
2024-07-18 12:26:06+00:00,btc_mxn,1144919.98,1144920.02,0.0
2024-07-18 12:26:07+00:00,btc_mxn,1144919.98,1144920.02,0.0
2024-07-18 12:26:08+00:00,btc_mxn,1144919.98,1144920.02,0.0
2024-07-18 12:26:09+00:00,btc_mxn,1144919.98,1144920.02,0.0
2024-07-18 12:26:10+00:00,btc_mxn,1144919.98,1144920.02,0.0
2024-07-18 12:26:11+00:00,btc_mxn,1144919.98,1144920.02,0.0
2024-07-18 12:26:12+00:00,btc_mxn,1144919.98,1144920.02,0.0
2024-07-18 12:26:13+00:00,btc_mxn,1144919.98,1144920.02,0.0
2024-07-18 12:26:14+00:00,btc_mxn,1144919.98,1144920.02,0.0
2024-07-18 12:26:15+00:00,btc_mxn,1144919.98,1144920.02,0.0
2024-07-18 12:26:16+00:00,btc_mxn,1144919.98,1144920.02,0.0
2024-07-18 12:26:17+00:00,btc_mxn,1144919.98,1144920.02,0.0
2024-07-18 12:26:18+00:00,btc_mxn,1144919.98,1144920.02,0.0
2024-07-18 12:26:19+00:00,btc_mxn,1144919.98,1144920.02,0.0
2024-07-18 12:26:20+00:00,btc_mxn,1144919.98,1144920.02,0.0
2024-07-18 12:26:21+00:00,btc_mxn,1144919.98,1144920.02,0.0
2024-07-18 12:26:22+00:00,btc_mxn,1144919.98,1144920.02,0.0
2024-07-18 12:26:23+00:00,btc_mxn,1144919.98,1144920.02,0.0
2024-07-18 12:26:24+00:00,btc_mxn,1144919.98,1144920.02,0.0
2024-07-18 12:26:25+00:00,btc_mxn,1144919.98,1144920.02,0.0
2024-07-18 12:26:26+00:00,btc_mxn,1144919.98,1144920.02,0.0
2024-07-18 12:26:27+00:00,btc_mxn,1144919.98,1144920.02,0.0
2024-07-18 12:26:28+00:00,btc_mxn,1144919.98,1144920.02,0.0
2024-07-18 12:26:29+00:00,btc_mxn,1144919.98,1144920.02,0.0
2024-07-18 12:26:30+00:00,btc_mxn,1144919.98,1144920.02,0.0
2024-07-18 12:26:31+00:00,btc_mxn,1144919.98,1144920.02,0.0
2024-07-18 12:26:32+00:00,btc_mxn,1144919.98,1144920.02,0.0
2024-07-18 12:26:34+00:00,btc_mxn,1144919.98,1144920.02,0.0
2024-07-18 12:26:35+00:00,btc_mxn,1144919.98,1144920.02,0.0
2024-07-18 12:26:36+00:00,btc_mxn,1144919.98,1144920.02,0.0
2024-07-18 12:26:37+00:00,btc_mxn,1144919.98,1144920.02,0.0
2024-07-18 12:26:38+00:00,btc_mxn,1144919.98,1144920.02,0.0
2024-07-18 12:26:39+00:00,btc_mxn,1144919.98,1144920.02,0.0
2024-07-18 12:26:40+00:00,btc_mxn,1144919.98,1144920.02,0.0
2024-07-18 12:26:41+00:00,btc_mxn,1144919.98,1144920.02,0.0
2024-07-18 12:26:42+00:00,btc_mxn,1144919.98,1144920.02,0.0
2024-07-18 12:26:43+00:00,btc_mxn,1144919.98,1144920.02,0.0
2024-07-18 12:26:44+00:00,btc_mxn,1144919.98,1144920.02,0.0
2024-07-18 12:26:45+00:00,btc_mxn,1144919.98,1144920.02,0.0
2024-07-18 12:26:46+00:00,btc_mxn,1144919.98,1144920.02,0.0
2024-07-18 12:26:47+00:00,btc_mxn,1144919.98,1144920.02,0.0
2024-07-18 12:26:48+00:00,btc_mxn,1144919.98,1144920.02,0.0
2024-07-18 12:26:49+00:00,btc_mxn,1144919.98,1144920.02,0.0
2024-07-18 12:26:50+00:00,btc_mxn,1144919.98,1144920.02,0.0
2024-07-18 12:26:51+00:00,btc_mxn,1144919.98,1144920.02,0.0
2024-07-18 12:26:52+00:00,btc_mxn,1144919.98,1144920.02,0.0
2024-07-18 12:26:53+00:00,btc_mxn,1144919.98,1144920.02,0.0
2024-07-18 12:26:54+00:00,btc_mxn,1144919.98,1144920.02,0.0
2024-07-18 12:26:55+00:00,btc_mxn,1144919.98,1144920.02,0.0
2024-07-18 12:26:56+00:00,btc_mxn,1144919.98,1144920.02,0.0
2024-07-18 12:26:57+00:00,btc_mxn,1144919.98,1144920.02,0.0
2024-07-18 12:26:58+00:00,btc_mxn,1144919.98,1144920.02,0.0
2024-07-18 12:26:59+00:00,btc_mxn,1144919.98,1144920.02,0.0
2024-07-18 12:27:00+00:00,btc_mxn,1144919.98,1144920.02,0.0
2024-07-18 12:27:01+00:00,btc_mxn,1144919.98,1144920.02,0.0
2024-07-18 12:27:02+00:00,btc_mxn,1144919.98,1144920.02,0.0
2024-07-18 12:27:03+00:00,btc_mxn,1144919.98,1144920.02,0.0
2024-07-18 12:27:04+00:00,btc_mxn,1144919.98,1144920.02,0.0
2024-07-18 12:27:05+00:00,btc_mxn,1144919.98,1144920.02,0.0
2024-07-18 12:27:06+00:00,btc_mxn,1144919.98,1144920.02,0.0
2024-07-18 12:27:07+00:00,btc_mxn,1144919.98,1144920.02,0.0
2024-07-18 12:27:08+00:00,btc_mxn,1144919.98,1144920.02,0.0
2024-07-18 12:27:09+00:00,btc_mxn,1144919.98,1144920.02,0.0
2024-07-18 12:27:10+00:00,btc_mxn,1144919.98,1144920.02,0.0
2024-07-18 12:27:11+00:00,btc_mxn,1144919.98,1144920.02,0.0
2024-07-18 12:27:12+00:00,btc_mxn,1144919.98,1144920.02,0.0
2024-07-18 12:27:13+00:00,btc_mxn,1144919.98,1144920.02,0.0
2024-07-18 12:27:14+00:00,btc_mxn,1144919.98,1144920.02,0.0
2024-07-18 12:27:15+00:00,btc_mxn,1144919.98,1144920.02,0.0
2024-07-18 12:27:16+00:00,btc_mxn,1144919.98,1144920.02,0.0
2024-07-18 12:27:17+00:00,btc_mxn,1144919.98,1144920.02,0.0
2024-07-18 12:27:18+00:00,btc_mxn,1144919.98,1144920.02,0.0
2024-07-18 12:27:19+00:00,btc_mxn,1144919.98,1144920.02,0.0
2024-07-18 12:27:20+00:00,btc_mxn,1144919.98,1144920.02,0.0
2024-07-18 12:27:21+00:00,btc_mxn,1144919.98,1144920.02,0.0
2024-07-18 12:27:22+00:00,btc_mxn,1144919.98,1144920.02,0.0
2024-07-18 12:27:23+00:00,btc_mxn,1144919.98,1144920.02,0.0
2024-07-18 12:27:24+00:00,btc_mxn,1144919.98,1144920.02,0.0
2024-07-18 12:27:25+00:00,btc_mxn,1144919.98,1144920.02,0.0
2024-07-18 12:27:26+00:00,btc_mxn,1144919.98,1144920.02,0.0
2024-07-18 12:27:27+00:00,btc_mxn,1144919.98,1144920.02,0.0
2024-07-18 12:27:28+00:00,btc_mxn,1144919.98,1144920.02,0.0
2024-07-18 12:27:29+00:00,btc_mxn,1144919.98,1144920.02,0.0
2024-07-18 12:27:30+00:00,btc_mxn,1144919.98,1144920.02,0.0
2024-07-18 12:27:31+00:00,btc_mxn,1144919.98,1144920.02,0.0
2024-07-18 12:27:32+00:00,btc_mxn,1144919.98,1144920.02,0.0
2024-07-18 12:27:33+00:00,btc_mxn,1144919.98,1144920.02,0.0
2024-07-18 12:27:34+00:00,btc_mxn,1144919.98,1144920.02,0.0
2024-07-18 12:27:35+00:00,btc_mxn,1144919.98,1144920.02,0.0
2024-07-18 12:27:36+00:00,btc_mxn,1144919.98,1144920.02,0.0
2024-07-18 12:27:37+00:00,btc_mxn,1144919.98,1144920.02,0.0
2024-07-18 12:27:38+00:00,btc_mxn,1144919.98,1144920.02,0.0
2024-07-18 12:27:39+00:00,btc_mxn,1144919.98,1144920.02,0.0
2024-07-18 12:27:40+00:00,btc_mxn,1144919.98,1144920.02,0.0
2024-07-18 12:27:42+00:00,btc_mxn,1144919.98,1144920.02,0.0
2024-07-18 12:27:43+00:00,btc_mxn,1144919.98,1144920.02,0.0
2024-07-18 12:27:44+00:00,btc_mxn,1144919.98,1144920.02,0.0
2024-07-18 12:27:45+00:00,btc_mxn,1144919.98,1144920.02,0.0
2024-07-18 12:27:46+00:00,btc_mxn,1144919.98,1144920.02,0.0
2024-07-18 12:27:47+00:00,btc_mxn,1144919.98,1144920.02,0.0
2024-07-18 12:27:48+00:00,btc_mxn,1144919.98,1144920.02,0.0
2024-07-18 12:27:49+00:00,btc_mxn,1144919.98,1144920.02,0.0
2024-07-18 12:27:50+00:00,btc_mxn,1144919.98,1144920.02,0.0
2024-07-18 12:27:51+00:00,btc_mxn,1144919.98,1144920.02,0.0
2024-07-18 12:27:52+00:00,btc_mxn,1144919.98,1144920.02,0.0
2024-07-18 12:27:53+00:00,btc_mxn,1144919.98,1144920.02,0.0
2024-07-18 12:27:54+00:00,btc_mxn,1144919.98,1144920.02,0.0
2024-07-18 12:27:55+00:00,btc_mxn,1144919.98,1144920.02,0.0
2024-07-18 12:27:56+00:00,btc_mxn,1144919.98,1144920.02,0.0
2024-07-18 12:27:57+00:00,btc_mxn,1144919.98,1144920.02,0.0
2024-07-18 12:27:58+00:00,btc_mxn,1144919.98,1144920.02,0.0
2024-07-18 12:27:59+00:00,btc_mxn,1144919.98,1144920.02,0.0
2024-07-18 12:28:00+00:00,btc_mxn,1144919.98,1144920.02,0.0
2024-07-18 12:28:01+00:00,btc_mxn,1144919.98,1144920.02,0.0
2024-07-18 12:28:02+00:00,btc_mxn,1144919.98,1144920.02,0.0
2024-07-18 12:28:03+00:00,btc_mxn,1144919.98,1144920.02,0.0
2024-07-18 12:28:04+00:00,btc_mxn,1144919.98,1144920.02,0.0
2024-07-18 12:28:05+00:00,btc_mxn,1144919.98,1144920.02,0.0
2024-07-18 12:28:06+00:00,btc_mxn,1144919.98,1144920.02,0.0
2024-07-18 12:28:07+00:00,btc_mxn,1144919.98,1144920.02,0.0
2024-07-18 12:28:08+00:00,btc_mxn,1144919.98,1144920.02,0.0
2024-07-18 12:28:09+00:00,btc_mxn,1144919.98,1144920.02,0.0
2024-07-18 12:28:10+00:00,btc_mxn,1144919.98,1144920.02,0.0
2024-07-18 12:28:11+00:00,btc_mxn,1144919.98,1144920.02,0.0
2024-07-18 12:28:12+00:00,btc_mxn,1144919.98,1144920.02,0.0
2024-07-18 12:28:13+00:00,btc_mxn,1144919.98,1144920.02,0.0
2024-07-18 12:28:14+00:00,btc_mxn,1144919.98,1144920.02,0.0
2024-07-18 12:28:15+00:00,btc_mxn,1144919.98,1144920.02,0.0
2024-07-18 12:28:16+00:00,btc_mxn,1144919.98,1144920.02,0.0
2024-07-18 12:28:17+00:00,btc_mxn,1144919.98,1144920.02,0.0
2024-07-18 12:28:18+00:00,btc_mxn,1144919.98,1144920.02,0.0
2024-07-18 12:28:19+00:00,btc_mxn,1144919.98,1144920.02,0.0
2024-07-18 12:28:20+00:00,btc_mxn,1144919.98,1144920.02,0.0
2024-07-18 12:28:21+00:00,btc_mxn,1144919.98,1144920.02,0.0
2024-07-18 12:28:22+00:00,btc_mxn,1144919.98,1144920.02,0.0
2024-07-18 12:28:23+00:00,btc_mxn,1144919.98,1144920.02,0.0
2024-07-18 12:28:24+00:00,btc_mxn,1144919.98,1144920.02,0.0
2024-07-18 12:28:25+00:00,btc_mxn,1144919.98,1144920.02,0.0
2024-07-18 12:28:26+00:00,btc_mxn,1144919.98,1144920.02,0.0
2024-07-18 12:28:27+00:00,btc_mxn,1144919.98,1144920.02,0.0
2024-07-18 12:28:28+00:00,btc_mxn,1144919.98,1144920.02,0.0
2024-07-18 12:28:29+00:00,btc_mxn,1144919.98,1144920.02,0.0
2024-07-18 12:28:30+00:00,btc_mxn,1144919.98,1144920.02,0.0
2024-07-18 12:28:31+00:00,btc_mxn,1144919.98,1144920.02,0.0
2024-07-18 12:28:32+00:00,btc_mxn,1144919.98,1144920.02,0.0
2024-07-18 12:28:33+00:00,btc_mxn,1144919.98,1144920.02,0.0
2024-07-18 12:28:34+00:00,btc_mxn,1144919.98,1144920.02,0.0
2024-07-18 12:28:35+00:00,btc_mxn,1144919.98,1144920.02,0.0
2024-07-18 12:28:37+00:00,btc_mxn,1144919.98,1144920.02,0.0
2024-07-18 12:28:37+00:00,btc_mxn,1144919.98,1144920.02,0.0
2024-07-18 12:28:39+00:00,btc_mxn,1144919.98,1144920.02,0.0
2024-07-18 12:28:40+00:00,btc_mxn,1144919.98,1144920.02,0.0
2024-07-18 12:28:41+00:00,btc_mxn,1144919.98,1144920.02,0.0
2024-07-18 12:28:42+00:00,btc_mxn,1144919.98,1144920.02,0.0
2024-07-18 12:28:43+00:00,btc_mxn,1144919.98,1144920.02,0.0
2024-07-18 12:28:44+00:00,btc_mxn,1144919.98,1144920.02,0.0
2024-07-18 12:28:45+00:00,btc_mxn,1144919.98,1144920.02,0.0
2024-07-18 12:28:46+00:00,btc_mxn,1144919.98,1144920.02,0.0
2024-07-18 12:28:47+00:00,btc_mxn,1144919.98,1144920.02,0.0
2024-07-18 12:28:48+00:00,btc_mxn,1144919.98,1144920.02,0.0
2024-07-18 12:28:49+00:00,btc_mxn,1144919.98,1144920.02,0.0
2024-07-18 12:28:50+00:00,btc_mxn,1144919.98,1144920.02,0.0
2024-07-18 12:28:51+00:00,btc_mxn,1144919.98,1144920.02,0.0
2024-07-18 12:28:52+00:00,btc_mxn,1144919.98,1144920.02,0.0
2024-07-18 12:28:53+00:00,btc_mxn,1144919.98,1144920.02,0.0
2024-07-18 12:28:54+00:00,btc_mxn,1144919.98,1144920.02,0.0
2024-07-18 12:28:55+00:00,btc_mxn,1144919.98,1144920.02,0.0
2024-07-18 12:28:56+00:00,btc_mxn,1144919.98,1144920.02,0.0
2024-07-18 12:28:57+00:00,btc_mxn,1144919.98,1144920.02,0.0
2024-07-18 12:28:58+00:00,btc_mxn,1144919.98,1144920.02,0.0
2024-07-18 12:28:59+00:00,btc_mxn,1144919.98,1144920.02,0.0
2024-07-18 12:29:00+00:00,btc_mxn,1144919.98,1144920.02,0.0
2024-07-18 12:29:01+00:00,btc_mxn,1144919.98,1144920.02,0.0
2024-07-18 12:29:02+00:00,btc_mxn,1144919.98,1144920.02,0.0
2024-07-18 12:29:03+00:00,btc_mxn,1144919.98,1144920.02,0.0
2024-07-18 12:29:04+00:00,btc_mxn,1144919.98,1144920.02,0.0
2024-07-18 12:29:05+00:00,btc_mxn,1144919.98,1144920.02,0.0
2024-07-18 12:29:06+00:00,btc_mxn,1144919.98,1144920.02,0.0
2024-07-18 12:29:07+00:00,btc_mxn,1144919.98,1144920.02,0.0
2024-07-18 12:29:08+00:00,btc_mxn,1144919.98,1144920.02,0.0
2024-07-18 12:29:09+00:00,btc_mxn,1144919.98,1144920.02,0.0
2024-07-18 12:29:10+00:00,btc_mxn,1144919.98,1144920.02,0.0
2024-07-18 12:29:11+00:00,btc_mxn,1144919.98,1144920.02,0.0
2024-07-18 12:29:12+00:00,btc_mxn,1144919.98,1144920.02,0.0
2024-07-18 12:29:13+00:00,btc_mxn,1144919.98,1144920.02,0.0
2024-07-18 12:29:14+00:00,btc_mxn,1144919.98,1144920.02,0.0
2024-07-18 12:29:15+00:00,btc_mxn,1144919.98,1144920.02,0.0
2024-07-18 12:29:16+00:00,btc_mxn,1144919.98,1144920.02,0.0
2024-07-18 12:29:17+00:00,btc_mxn,1144919.98,1144920.02,0.0
2024-07-18 12:29:18+00:00,btc_mxn,1144919.98,1144920.02,0.0
2024-07-18 12:29:19+00:00,btc_mxn,1144919.98,1144920.02,0.0
2024-07-18 12:29:20+00:00,btc_mxn,1144919.98,1144920.02,0.0
2024-07-18 12:29:21+00:00,btc_mxn,1144919.98,1144920.02,0.0
2024-07-18 12:29:22+00:00,btc_mxn,1144919.98,1144920.02,0.0
2024-07-18 12:29:23+00:00,btc_mxn,1144919.98,1144920.02,0.0
2024-07-18 12:29:24+00:00,btc_mxn,1144919.98,1144920.02,0.0
2024-07-18 12:29:25+00:00,btc_mxn,1144919.98,1144920.02,0.0
2024-07-18 12:29:26+00:00,btc_mxn,1144919.98,1144920.02,0.0
2024-07-18 12:29:27+00:00,btc_mxn,1144919.98,1144920.02,0.0
2024-07-18 12:29:28+00:00,btc_mxn,1144919.98,1144920.02,0.0
2024-07-18 12:29:29+00:00,btc_mxn,1144919.98,1144920.02,0.0
2024-07-18 12:29:30+00:00,btc_mxn,1144919.98,1144920.02,0.0
2024-07-18 12:29:32+00:00,btc_mxn,1144919.98,1144920.02,0.0
2024-07-18 12:29:32+00:00,btc_mxn,1144919.98,1144920.02,0.0
2024-07-18 12:29:33+00:00,btc_mxn,1144919.98,1144920.02,0.0
2024-07-18 12:29:34+00:00,btc_mxn,1144919.98,1144920.02,0.0
2024-07-18 12:29:35+00:00,btc_mxn,1144919.98,1144920.02,0.0
2024-07-18 12:29:36+00:00,btc_mxn,1144919.98,1144920.02,0.0
2024-07-18 12:29:38+00:00,btc_mxn,1144919.98,1144920.02,0.0
2024-07-18 12:29:39+00:00,btc_mxn,1144919.98,1144920.02,0.0
2024-07-18 12:29:40+00:00,btc_mxn,1144919.98,1144920.02,0.0
2024-07-18 12:29:41+00:00,btc_mxn,1144919.98,1144920.02,0.0
2024-07-18 12:29:42+00:00,btc_mxn,1144919.98,1144920.02,0.0
2024-07-18 12:29:43+00:00,btc_mxn,1144919.98,1144920.02,0.0
2024-07-18 12:29:44+00:00,btc_mxn,1144919.98,1144920.02,0.0
2024-07-18 12:29:45+00:00,btc_mxn,1144919.98,1144920.02,0.0
2024-07-18 12:29:46+00:00,btc_mxn,1144919.98,1144920.02,0.0
2024-07-18 12:29:47+00:00,btc_mxn,1144919.98,1144920.02,0.0
2024-07-18 12:29:48+00:00,btc_mxn,1144919.98,1144920.02,0.0
2024-07-18 12:29:49+00:00,btc_mxn,1144919.98,1144920.02,0.0
2024-07-18 12:29:50+00:00,btc_mxn,1144919.98,1144920.02,0.0
2024-07-18 12:29:51+00:00,btc_mxn,1144919.98,1144920.02,0.0
2024-07-18 12:29:52+00:00,btc_mxn,1144919.98,1144920.02,0.0
2024-07-18 12:29:53+00:00,btc_mxn,1144919.98,1144920.02,0.0
2024-07-18 12:29:54+00:00,btc_mxn,1144919.98,1144920.02,0.0
2024-07-18 12:29:55+00:00,btc_mxn,1144919.98,1144920.02,0.0
2024-07-18 12:29:56+00:00,btc_mxn,1144919.98,1144920.02,0.0
2024-07-18 12:29:57+00:00,btc_mxn,1144919.98,1144920.02,0.0
2024-07-18 12:29:58+00:00,btc_mxn,1144919.98,1144920.02,0.0
2024-07-18 12:29:59+00:00,btc_mxn,1144919.98,1144920.02,0.0
2024-07-18 12:30:00+00:00,btc_mxn,1144919.98,1144920.02,0.0
2024-07-18 12:30:01+00:00,btc_mxn,1144919.98,1144920.02,0.0
2024-07-18 12:30:02+00:00,btc_mxn,1144919.98,1144920.02,0.0
