orderbook_timestamp,book,bid,ask,spread
2024-07-18 16:25:01+00:00,btc_mxn,1134339.98,1134340.02,0.0
2024-07-18 16:25:02+00:00,btc_mxn,1134339.98,1134340.02,0.0
2024-07-18 16:25:03+00:00,btc_mxn,1134339.98,1134340.02,0.0
2024-07-18 16:25:04+00:00,btc_mxn,1134339.98,1134340.02,0.0
2024-07-18 16:25:05+00:00,btc_mxn,1134339.98,1134340.02,0.0
2024-07-18 16:25:06+00:00,btc_mxn,1134339.98,1134340.02,0.0
2024-07-18 16:25:07+00:00,btc_mxn,1134339.98,1134340.02,0.0
2024-07-18 16:25:08+00:00,btc_mxn,1134339.98,1134340.02,0.0
2024-07-18 16:25:09+00:00,btc_mxn,1134339.98,1134340.02,0.0
2024-07-18 16:25:10+00:00,btc_mxn,1134339.98,1134340.02,0.0
2024-07-18 16:25:11+00:00,btc_mxn,1134339.98,1134340.02,0.0
2024-07-18 16:25:12+00:00,btc_mxn,1134339.98,1134340.0,0.0
2024-07-18 16:25:13+00:00,btc_mxn,1134339.98,1134340.0,0.0
2024-07-18 16:25:14+00:00,btc_mxn,1134339.98,1134340.0,0.0
2024-07-18 16:25:15+00:00,btc_mxn,1134339.98,1134340.0,0.0
2024-07-18 16:25:16+00:00,btc_mxn,1134339.98,1134340.0,0.0
2024-07-18 16:25:17+00:00,btc_mxn,1134339.98,1134340.0,0.0
2024-07-18 16:25:18+00:00,btc_mxn,1134339.98,1134340.0,0.0
2024-07-18 16:25:20+00:00,btc_mxn,1134339.98,1134340.0,0.0
2024-07-18 16:25:21+00:00,btc_mxn,1134339.98,1134340.0,0.0
2024-07-18 16:25:22+00:00,btc_mxn,1134339.98,1134340.0,0.0
2024-07-18 16:25:23+00:00,btc_mxn,1134339.98,1134340.0,0.0
2024-07-18 16:25:24+00:00,btc_mxn,1134339.98,1134340.0,0.0
2024-07-18 16:25:25+00:00,btc_mxn,1134339.98,1134340.0,0.0
2024-07-18 16:25:26+00:00,btc_mxn,1134339.98,1134340.0,0.0
2024-07-18 16:25:27+00:00,btc_mxn,1134339.98,1134340.0,0.0
2024-07-18 16:25:28+00:00,btc_mxn,1134339.98,1134340.0,0.0
2024-07-18 16:25:29+00:00,btc_mxn,1134339.98,1134340.0,0.0
2024-07-18 16:25:30+00:00,btc_mxn,1134339.98,1134340.0,0.0
2024-07-18 16:25:31+00:00,btc_mxn,1134339.98,1134340.0,0.0
2024-07-18 16:25:32+00:00,btc_mxn,1134339.98,1134340.0,0.0
2024-07-18 16:25:33+00:00,btc_mxn,1134339.98,1134340.0,0.0
2024-07-18 16:25:34+00:00,btc_mxn,1134339.98,1134340.0,0.0
2024-07-18 16:25:35+00:00,btc_mxn,1134339.98,1134340.0,0.0
2024-07-18 16:25:36+00:00,btc_mxn,1134339.98,1134340.0,0.0
2024-07-18 16:25:37+00:00,btc_mxn,1134339.98,1134340.0,0.0
2024-07-18 16:25:38+00:00,btc_mxn,1134339.98,1134340.0,0.0
2024-07-18 16:25:39+00:00,btc_mxn,1134339.98,1134340.0,0.0
2024-07-18 16:25:40+00:00,btc_mxn,1134339.98,1134340.0,0.0
2024-07-18 16:25:41+00:00,btc_mxn,1134339.98,1134340.0,0.0
2024-07-18 16:25:42+00:00,btc_mxn,1134339.98,1134340.0,0.0
2024-07-18 16:25:43+00:00,btc_mxn,1134339.98,1134340.0,0.0
2024-07-18 16:25:44+00:00,btc_mxn,1134339.98,1134340.0,0.0
2024-07-18 16:25:45+00:00,btc_mxn,1134339.98,1134340.0,0.0
2024-07-18 16:25:46+00:00,btc_mxn,1134339.98,1134340.0,0.0
2024-07-18 16:25:47+00:00,btc_mxn,1134339.98,1134340.0,0.0
2024-07-18 16:25:48+00:00,btc_mxn,1134339.98,1134340.0,0.0
2024-07-18 16:25:49+00:00,btc_mxn,1134339.98,1134340.0,0.0
2024-07-18 16:25:50+00:00,btc_mxn,1134339.98,1134340.0,0.0
2024-07-18 16:25:51+00:00,btc_mxn,1134339.98,1134340.0,0.0
2024-07-18 16:25:52+00:00,btc_mxn,1134339.98,1134340.0,0.0
2024-07-18 16:25:53+00:00,btc_mxn,1134339.98,1134340.0,0.0
2024-07-18 16:25:54+00:00,btc_mxn,1134339.98,1134340.0,0.0
2024-07-18 16:25:55+00:00,btc_mxn,1134339.98,1134340.0,0.0
2024-07-18 16:25:56+00:00,btc_mxn,1134339.98,1134340.0,0.0
2024-07-18 16:25:57+00:00,btc_mxn,1134339.98,1134340.0,0.0
2024-07-18 16:25:58+00:00,btc_mxn,1134339.98,1134340.0,0.0
2024-07-18 16:25:59+00:00,btc_mxn,1134339.98,1134340.0,0.0
2024-07-18 16:26:00+00:00,btc_mxn,1134339.98,1134340.0,0.0
2024-07-18 16:26:01+00:00,btc_mxn,1134339.98,1134340.0,0.0
2024-07-18 16:26:02+00:00,btc_mxn,1134339.98,1134340.0,0.0
2024-07-18 16:26:03+00:00,btc_mxn,1134339.98,1134340.0,0.0
2024-07-18 16:26:04+00:00,btc_mxn,1132369.98,1132370.02,0.0
2024-07-18 16:26:05+00:00,btc_mxn,1132369.98,1132370.02,0.0
2024-07-18 16:26:06+00:00,btc_mxn,1132369.98,1132370.02,0.0
2024-07-18 16:26:07+00:00,btc_mxn,1132369.98,1132370.02,0.0
2024-07-18 16:26:08+00:00,btc_mxn,1132369.98,1132370.02,0.0
2024-07-18 16:26:09+00:00,btc_mxn,1132369.98,1132370.02,0.0
2024-07-18 16:26:10+00:00,btc_mxn,1132369.98,1132370.02,0.0
2024-07-18 16:26:11+00:00,btc_mxn,1132369.98,1132370.02,0.0
2024-07-18 16:26:12+00:00,btc_mxn,1132369.98,1132370.02,0.0
2024-07-18 16:26:13+00:00,btc_mxn,1132369.98,1132370.02,0.0
2024-07-18 16:26:14+00:00,btc_mxn,1132369.98,1132370.02,0.0
2024-07-18 16:26:15+00:00,btc_mxn,1132369.98,1132370.02,0.0
2024-07-18 16:26:16+00:00,btc_mxn,1132369.98,1132370.02,0.0
2024-07-18 16:26:17+00:00,btc_mxn,1132369.98,1132370.02,0.0
2024-07-18 16:26:18+00:00,btc_mxn,1132369.98,1132370.02,0.0
2024-07-18 16:26:19+00:00,btc_mxn,1132369.98,1132370.02,0.0
2024-07-18 16:26:20+00:00,btc_mxn,1132369.98,1132370.02,0.0
2024-07-18 16:26:21+00:00,btc_mxn,1132369.98,1132370.02,0.0
2024-07-18 16:26:22+00:00,btc_mxn,1132369.98,1132370.02,0.0
2024-07-18 16:26:23+00:00,btc_mxn,1132369.98,1132370.02,0.0
2024-07-18 16:26:24+00:00,btc_mxn,1132369.98,1132370.02,0.0
2024-07-18 16:26:25+00:00,btc_mxn,1132369.98,1132370.02,0.0
2024-07-18 16:26:26+00:00,btc_mxn,1132369.98,1132370.02,0.0
2024-07-18 16:26:27+00:00,btc_mxn,1132369.98,1132370.02,0.0
2024-07-18 16:26:28+00:00,btc_mxn,1132369.98,1132370.02,0.0
2024-07-18 16:26:29+00:00,btc_mxn,1132369.98,1132370.02,0.0
2024-07-18 16:26:30+00:00,btc_mxn,1132369.98,1132370.02,0.0
2024-07-18 16:26:31+00:00,btc_mxn,1132369.98,1132370.02,0.0
2024-07-18 16:26:32+00:00,btc_mxn,1132369.98,1132370.02,0.0
2024-07-18 16:26:33+00:00,btc_mxn,1132369.98,1132370.02,0.0
2024-07-18 16:26:34+00:00,btc_mxn,1132369.98,1132370.02,0.0
2024-07-18 16:26:36+00:00,btc_mxn,1132369.98,1132370.02,0.0
2024-07-18 16:26:36+00:00,btc_mxn,1132369.98,1132370.02,0.0
2024-07-18 16:26:37+00:00,btc_mxn,1132369.98,1132370.02,0.0
2024-07-18 16:26:39+00:00,btc_mxn,1132369.98,1132370.02,0.0
2024-07-18 16:26:40+00:00,btc_mxn,1132369.98,1132370.02,0.0
2024-07-18 16:26:41+00:00,btc_mxn,1132369.98,1132370.02,0.0
2024-07-18 16:26:42+00:00,btc_mxn,1132369.98,1132370.02,0.0
2024-07-18 16:26:43+00:00,btc_mxn,1132369.98,1132370.02,0.0
2024-07-18 16:26:44+00:00,btc_mxn,1132369.98,1132370.02,0.0
2024-07-18 16:26:45+00:00,btc_mxn,1132369.98,1132370.02,0.0
2024-07-18 16:26:46+00:00,btc_mxn,1132369.98,1132370.02,0.0
2024-07-18 16:26:47+00:00,btc_mxn,1132369.98,1132370.02,0.0
2024-07-18 16:26:48+00:00,btc_mxn,1132369.98,1132370.02,0.0
2024-07-18 16:26:49+00:00,btc_mxn,1132369.98,1132370.02,0.0
2024-07-18 16:26:50+00:00,btc_mxn,1132369.98,1132370.02,0.0
2024-07-18 16:26:51+00:00,btc_mxn,1132369.98,1132370.02,0.0
2024-07-18 16:26:52+00:00,btc_mxn,1132369.98,1132370.02,0.0
2024-07-18 16:26:53+00:00,btc_mxn,1132369.98,1132370.02,0.0
2024-07-18 16:26:54+00:00,btc_mxn,1132369.98,1132370.02,0.0
2024-07-18 16:26:55+00:00,btc_mxn,1132369.98,1132370.02,0.0
2024-07-18 16:26:56+00:00,btc_mxn,1132369.98,1132370.02,0.0
2024-07-18 16:26:57+00:00,btc_mxn,1132369.98,1132370.02,0.0
2024-07-18 16:26:58+00:00,btc_mxn,1132369.98,1132370.02,0.0
2024-07-18 16:26:59+00:00,btc_mxn,1132369.98,1132370.02,0.0
2024-07-18 16:27:00+00:00,btc_mxn,1132369.98,1132370.02,0.0
2024-07-18 16:27:01+00:00,btc_mxn,1132369.98,1132370.02,0.0
2024-07-18 16:27:02+00:00,btc_mxn,1132369.98,1132370.02,0.0
2024-07-18 16:27:03+00:00,btc_mxn,1132369.98,1132370.02,0.0
2024-07-18 16:27:04+00:00,btc_mxn,1132369.98,1132370.02,0.0
2024-07-18 16:27:05+00:00,btc_mxn,1132369.98,1132370.02,0.0
2024-07-18 16:27:06+00:00,btc_mxn,1132369.98,1132370.02,0.0
2024-07-18 16:27:07+00:00,btc_mxn,1132369.98,1132370.02,0.0
2024-07-18 16:27:08+00:00,btc_mxn,1132369.98,1132370.02,0.0
2024-07-18 16:27:09+00:00,btc_mxn,1132369.98,1132370.02,0.0
2024-07-18 16:27:10+00:00,btc_mxn,1132369.98,1132370.02,0.0
2024-07-18 16:27:11+00:00,btc_mxn,1132369.98,1132370.02,0.0
2024-07-18 16:27:12+00:00,btc_mxn,1132369.98,1132370.02,0.0
2024-07-18 16:27:13+00:00,btc_mxn,1132369.98,1132370.02,0.0
2024-07-18 16:27:14+00:00,btc_mxn,1132369.98,1132370.02,0.0
2024-07-18 16:27:15+00:00,btc_mxn,1132369.98,1132370.02,0.0
2024-07-18 16:27:16+00:00,btc_mxn,1132369.98,1132370.02,0.0
2024-07-18 16:27:17+00:00,btc_mxn,1132369.98,1132370.02,0.0
2024-07-18 16:27:18+00:00,btc_mxn,1132369.98,1132370.02,0.0
2024-07-18 16:27:19+00:00,btc_mxn,1132369.98,1132370.0,0.0
2024-07-18 16:27:20+00:00,btc_mxn,1132369.98,1132370.0,0.0
2024-07-18 16:27:21+00:00,btc_mxn,1132369.98,1132370.02,0.0
2024-07-18 16:27:22+00:00,btc_mxn,1132369.98,1132370.02,0.0
2024-07-18 16:27:23+00:00,btc_mxn,1132369.98,1132370.02,0.0
2024-07-18 16:27:24+00:00,btc_mxn,1132369.98,1132370.02,0.0
2024-07-18 16:27:25+00:00,btc_mxn,1132369.98,1132370.02,0.0
2024-07-18 16:27:26+00:00,btc_mxn,1132369.98,1132370.02,0.0
2024-07-18 16:27:27+00:00,btc_mxn,1132369.98,1132370.02,0.0
2024-07-18 16:27:28+00:00,btc_mxn,1132369.98,1132370.02,0.0
2024-07-18 16:27:29+00:00,btc_mxn,1132369.98,1132370.02,0.0
2024-07-18 16:27:30+00:00,btc_mxn,1132369.98,1132370.02,0.0
2024-07-18 16:27:31+00:00,btc_mxn,1132369.98,1132370.02,0.0
2024-07-18 16:27:32+00:00,btc_mxn,1132369.98,1132370.02,0.0
2024-07-18 16:27:33+00:00,btc_mxn,1132369.98,1132370.02,0.0
2024-07-18 16:27:34+00:00,btc_mxn,1132369.98,1132370.02,0.0
2024-07-18 16:27:35+00:00,btc_mxn,1132369.98,1132370.02,0.0
2024-07-18 16:27:36+00:00,btc_mxn,1132369.98,1132370.02,0.0
2024-07-18 16:27:37+00:00,btc_mxn,1132369.98,1132370.02,0.0
2024-07-18 16:27:38+00:00,btc_mxn,1132369.98,1132370.02,0.0
2024-07-18 16:27:39+00:00,btc_mxn,1132369.98,1132370.02,0.0
2024-07-18 16:27:40+00:00,btc_mxn,1132369.98,1132370.02,0.0
2024-07-18 16:27:41+00:00,btc_mxn,1132369.98,1132370.02,0.0
2024-07-18 16:27:42+00:00,btc_mxn,1132369.98,1132370.02,0.0
2024-07-18 16:27:43+00:00,btc_mxn,1132369.98,1132370.02,0.0
2024-07-18 16:27:44+00:00,btc_mxn,1132369.98,1132370.02,0.0
2024-07-18 16:27:46+00:00,btc_mxn,1132369.98,1132370.02,0.0
2024-07-18 16:27:47+00:00,btc_mxn,1132369.98,1132370.02,0.0
2024-07-18 16:27:48+00:00,btc_mxn,1132369.98,1132370.02,0.0
2024-07-18 16:27:49+00:00,btc_mxn,1132369.98,1132370.02,0.0
2024-07-18 16:27:50+00:00,btc_mxn,1132369.98,1132370.02,0.0
2024-07-18 16:27:51+00:00,btc_mxn,1132369.98,1132370.02,0.0
2024-07-18 16:27:52+00:00,btc_mxn,1132369.98,1132370.02,0.0
2024-07-18 16:27:53+00:00,btc_mxn,1132369.98,1132370.02,0.0
2024-07-18 16:27:54+00:00,btc_mxn,1132369.98,1132370.02,0.0
2024-07-18 16:27:55+00:00,btc_mxn,1132369.98,1132370.02,0.0
2024-07-18 16:27:56+00:00,btc_mxn,1132369.98,1132370.02,0.0
2024-07-18 16:27:57+00:00,btc_mxn,1132369.98,1132370.02,0.0
2024-07-18 16:27:58+00:00,btc_mxn,1132369.98,1132370.02,0.0
2024-07-18 16:27:59+00:00,btc_mxn,1132369.98,1132370.02,0.0
2024-07-18 16:28:00+00:00,btc_mxn,1132369.98,1132370.02,0.0
2024-07-18 16:28:01+00:00,btc_mxn,1132369.98,1132370.02,0.0
2024-07-18 16:28:02+00:00,btc_mxn,1132369.98,1132370.02,0.0
2024-07-18 16:28:03+00:00,btc_mxn,1132369.98,1132370.02,0.0
2024-07-18 16:28:04+00:00,btc_mxn,1132369.98,1132370.02,0.0
2024-07-18 16:28:05+00:00,btc_mxn,1132369.98,1132370.02,0.0
2024-07-18 16:28:06+00:00,btc_mxn,1132369.98,1132370.02,0.0
2024-07-18 16:28:07+00:00,btc_mxn,1132369.98,1132370.02,0.0
2024-07-18 16:28:08+00:00,btc_mxn,1132369.98,1132370.02,0.0
2024-07-18 16:28:09+00:00,btc_mxn,1132369.98,1132370.02,0.0
2024-07-18 16:28:10+00:00,btc_mxn,1132369.98,1132370.02,0.0
2024-07-18 16:28:11+00:00,btc_mxn,1132369.98,1132370.02,0.0
2024-07-18 16:28:12+00:00,btc_mxn,1132369.98,1132370.02,0.0
2024-07-18 16:28:13+00:00,btc_mxn,1132369.98,1132370.02,0.0
2024-07-18 16:28:14+00:00,btc_mxn,1132369.98,1132370.02,0.0
2024-07-18 16:28:15+00:00,btc_mxn,1132369.98,1132370.02,0.0
2024-07-18 16:28:16+00:00,btc_mxn,1132369.98,1132370.02,0.0
2024-07-18 16:28:17+00:00,btc_mxn,1132369.98,1132370.02,0.0
2024-07-18 16:28:18+00:00,btc_mxn,1132369.98,1132370.02,0.0
2024-07-18 16:28:19+00:00,btc_mxn,1132369.98,1132370.02,0.0
2024-07-18 16:28:20+00:00,btc_mxn,1132369.98,1132370.02,0.0
2024-07-18 16:28:21+00:00,btc_mxn,1132369.98,1132370.02,0.0
2024-07-18 16:28:22+00:00,btc_mxn,1132369.98,1132370.02,0.0
2024-07-18 16:28:23+00:00,btc_mxn,1132369.98,1132370.02,0.0
2024-07-18 16:28:24+00:00,btc_mxn,1132369.98,1132370.02,0.0
2024-07-18 16:28:25+00:00,btc_mxn,1132369.98,1132370.02,0.0
2024-07-18 16:28:26+00:00,btc_mxn,1132369.98,1132370.02,0.0
2024-07-18 16:28:27+00:00,btc_mxn,1132369.98,1132370.02,0.0
2024-07-18 16:28:28+00:00,btc_mxn,1132369.98,1132370.02,0.0
2024-07-18 16:28:29+00:00,btc_mxn,1132369.98,1132370.02,0.0
2024-07-18 16:28:30+00:00,btc_mxn,1132369.98,1132370.02,0.0
2024-07-18 16:28:31+00:00,btc_mxn,1132369.98,1132370.02,0.0
2024-07-18 16:28:32+00:00,btc_mxn,1132369.98,1132370.02,0.0
2024-07-18 16:28:33+00:00,btc_mxn,1132369.98,1132370.02,0.0
2024-07-18 16:28:34+00:00,btc_mxn,1132369.98,1132370.02,0.0
2024-07-18 16:28:35+00:00,btc_mxn,1132369.98,1132370.02,0.0
2024-07-18 16:28:36+00:00,btc_mxn,1132369.98,1132370.02,0.0
2024-07-18 16:28:37+00:00,btc_mxn,1132369.98,1132370.02,0.0
2024-07-18 16:28:38+00:00,btc_mxn,1132369.98,1132370.02,0.0
2024-07-18 16:28:39+00:00,btc_mxn,1132369.98,1132370.02,0.0
2024-07-18 16:28:40+00:00,btc_mxn,1132369.98,1132370.02,0.0
2024-07-18 16:28:41+00:00,btc_mxn,1132369.98,1132370.02,0.0
2024-07-18 16:28:42+00:00,btc_mxn,1132369.98,1132370.02,0.0
2024-07-18 16:28:43+00:00,btc_mxn,1132369.98,1132370.02,0.0
2024-07-18 16:28:44+00:00,btc_mxn,1132369.98,1132370.02,0.0
2024-07-18 16:28:45+00:00,btc_mxn,1132369.98,1132370.02,0.0
2024-07-18 16:28:46+00:00,btc_mxn,1132369.98,1132370.02,0.0
2024-07-18 16:28:47+00:00,btc_mxn,1132369.98,1132370.02,0.0
2024-07-18 16:28:49+00:00,btc_mxn,1132369.98,1132370.02,0.0
2024-07-18 16:28:50+00:00,btc_mxn,1132369.98,1132370.02,0.0
2024-07-18 16:28:50+00:00,btc_mxn,1132369.98,1132370.02,0.0
2024-07-18 16:28:52+00:00,btc_mxn,1132369.98,1132370.02,0.0
2024-07-18 16:28:53+00:00,btc_mxn,1132369.98,1132370.02,0.0
2024-07-18 16:28:54+00:00,btc_mxn,1132369.98,1132370.02,0.0
2024-07-18 16:28:55+00:00,btc_mxn,1132369.98,1132370.02,0.0
2024-07-18 16:28:56+00:00,btc_mxn,1132369.98,1132370.02,0.0
2024-07-18 16:28:57+00:00,btc_mxn,1132369.98,1132370.02,0.0
2024-07-18 16:28:58+00:00,btc_mxn,1132369.98,1132370.02,0.0
2024-07-18 16:28:59+00:00,btc_mxn,1132369.98,1132370.02,0.0
2024-07-18 16:29:00+00:00,btc_mxn,1132369.98,1132370.02,0.0
2024-07-18 16:29:01+00:00,btc_mxn,1132369.98,1132370.02,0.0
2024-07-18 16:29:02+00:00,btc_mxn,1132369.98,1132370.02,0.0
2024-07-18 16:29:03+00:00,btc_mxn,1132369.98,1132370.02,0.0
2024-07-18 16:29:04+00:00,btc_mxn,1132369.98,1132370.02,0.0
2024-07-18 16:29:05+00:00,btc_mxn,1132369.98,1132370.02,0.0
2024-07-18 16:29:06+00:00,btc_mxn,1132369.98,1132370.02,0.0
2024-07-18 16:29:07+00:00,btc_mxn,1132369.98,1132370.02,0.0
2024-07-18 16:29:08+00:00,btc_mxn,1132369.98,1132370.02,0.0
2024-07-18 16:29:09+00:00,btc_mxn,1132369.98,1132370.02,0.0
2024-07-18 16:29:10+00:00,btc_mxn,1132369.98,1132370.02,0.0
2024-07-18 16:29:11+00:00,btc_mxn,1132369.98,1132370.02,0.0
2024-07-18 16:29:12+00:00,btc_mxn,1132369.98,1132370.02,0.0
2024-07-18 16:29:13+00:00,btc_mxn,1132369.98,1132370.02,0.0
2024-07-18 16:29:14+00:00,btc_mxn,1132369.98,1132370.02,0.0
2024-07-18 16:29:15+00:00,btc_mxn,1132369.98,1132370.02,0.0
2024-07-18 16:29:16+00:00,btc_mxn,1132369.98,1132370.02,0.0
2024-07-18 16:29:17+00:00,btc_mxn,1132369.98,1132370.02,0.0
2024-07-18 16:29:18+00:00,btc_mxn,1132369.98,1132370.02,0.0
2024-07-18 16:29:19+00:00,btc_mxn,1132369.98,1132370.02,0.0
2024-07-18 16:29:20+00:00,btc_mxn,1132369.98,1132370.02,0.0
2024-07-18 16:29:21+00:00,btc_mxn,1132369.98,1132370.02,0.0
2024-07-18 16:29:22+00:00,btc_mxn,1132369.98,1132370.02,0.0
2024-07-18 16:29:23+00:00,btc_mxn,1132369.98,1132370.02,0.0
2024-07-18 16:29:24+00:00,btc_mxn,1132369.98,1132370.02,0.0
2024-07-18 16:29:25+00:00,btc_mxn,1132369.98,1132370.02,0.0
2024-07-18 16:29:26+00:00,btc_mxn,1132369.98,1132370.02,0.0
2024-07-18 16:29:27+00:00,btc_mxn,1132369.98,1132370.02,0.0
2024-07-18 16:29:28+00:00,btc_mxn,1132369.98,1132370.02,0.0
2024-07-18 16:29:29+00:00,btc_mxn,1132369.98,1132370.02,0.0
2024-07-18 16:29:30+00:00,btc_mxn,1132369.98,1132370.02,0.0
2024-07-18 16:29:31+00:00,btc_mxn,1132369.98,1132370.02,0.0
2024-07-18 16:29:32+00:00,btc_mxn,1132369.98,1132370.02,0.0
2024-07-18 16:29:33+00:00,btc_mxn,1132369.98,1132370.02,0.0
2024-07-18 16:29:34+00:00,btc_mxn,1132369.98,1132370.02,0.0
2024-07-18 16:29:35+00:00,btc_mxn,1132369.98,1132370.02,0.0
2024-07-18 16:29:36+00:00,btc_mxn,1132369.98,1132370.02,0.0
2024-07-18 16:29:37+00:00,btc_mxn,1132369.98,1132370.02,0.0
2024-07-18 16:29:38+00:00,btc_mxn,1132369.98,1132370.02,0.0
2024-07-18 16:29:39+00:00,btc_mxn,1132369.98,1132370.02,0.0
2024-07-18 16:29:40+00:00,btc_mxn,1132369.98,1132370.02,0.0
2024-07-18 16:29:41+00:00,btc_mxn,1132369.98,1132370.02,0.0
2024-07-18 16:29:42+00:00,btc_mxn,1132369.98,1132370.02,0.0
2024-07-18 16:29:43+00:00,btc_mxn,1132369.98,1132370.02,0.0
2024-07-18 16:29:44+00:00,btc_mxn,1132369.98,1132370.02,0.0
2024-07-18 16:29:45+00:00,btc_mxn,1132369.98,1132370.02,0.0
2024-07-18 16:29:46+00:00,btc_mxn,1132369.98,1132370.02,0.0
2024-07-18 16:29:47+00:00,btc_mxn,1132369.98,1132370.02,0.0
2024-07-18 16:29:48+00:00,btc_mxn,1132369.98,1132370.02,0.0
2024-07-18 16:29:49+00:00,btc_mxn,1132369.98,1132370.02,0.0
2024-07-18 16:29:50+00:00,btc_mxn,1132369.98,1132370.02,0.0
2024-07-18 16:29:51+00:00,btc_mxn,1132369.98,1132370.02,0.0
2024-07-18 16:29:52+00:00,btc_mxn,1132369.98,1132370.02,0.0
2024-07-18 16:29:54+00:00,btc_mxn,1132369.98,1132370.02,0.0
2024-07-18 16:29:55+00:00,btc_mxn,1132369.98,1132370.02,0.0
2024-07-18 16:29:56+00:00,btc_mxn,1132369.98,1132370.02,0.0
2024-07-18 16:29:57+00:00,btc_mxn,1132369.98,1132370.02,0.0
2024-07-18 16:29:58+00:00,btc_mxn,1132369.98,1132370.02,0.0
2024-07-18 16:29:59+00:00,btc_mxn,1132369.98,1132370.02,0.0
2024-07-18 16:30:00+00:00,btc_mxn,1132369.98,1132370.02,0.0
2024-07-18 16:30:01+00:00,btc_mxn,1132369.98,1132370.02,0.0
2024-07-18 16:30:02+00:00,btc_mxn,1132369.98,1132370.02,0.0
2024-07-18 16:30:03+00:00,btc_mxn,1132369.98,1132370.02,0.0
2024-07-18 16:30:04+00:00,btc_mxn,1132369.98,1132370.02,0.0
2024-07-18 16:30:05+00:00,btc_mxn,1132369.98,1132370.02,0.0
2024-07-18 16:30:06+00:00,btc_mxn,1132369.98,1132370.02,0.0
2024-07-18 16:30:07+00:00,btc_mxn,1132369.98,1132370.02,0.0
2024-07-18 16:30:08+00:00,btc_mxn,1132369.98,1132370.02,0.0
2024-07-18 16:30:09+00:00,btc_mxn,1132369.98,1132370.02,0.0
2024-07-18 16:30:10+00:00,btc_mxn,1132369.98,1132370.02,0.0
2024-07-18 16:30:11+00:00,btc_mxn,1132369.98,1132370.02,0.0
2024-07-18 16:30:12+00:00,btc_mxn,1132369.98,1132370.02,0.0
2024-07-18 16:30:13+00:00,btc_mxn,1132369.98,1132370.02,0.0
2024-07-18 16:30:14+00:00,btc_mxn,1132369.98,1132370.02,0.0
2024-07-18 16:30:15+00:00,btc_mxn,1132369.98,1132370.02,0.0
2024-07-18 16:30:16+00:00,btc_mxn,1132369.98,1132370.02,0.0
2024-07-18 16:30:17+00:00,btc_mxn,1132369.98,1132370.02,0.0
2024-07-18 16:30:18+00:00,btc_mxn,1132369.98,1132370.02,0.0
2024-07-18 16:30:19+00:00,btc_mxn,1132369.98,1132370.02,0.0
2024-07-18 16:30:20+00:00,btc_mxn,1132369.98,1132370.02,0.0
2024-07-18 16:30:21+00:00,btc_mxn,1132369.98,1132370.02,0.0
2024-07-18 16:30:22+00:00,btc_mxn,1132369.98,1132370.02,0.0
2024-07-18 16:30:23+00:00,btc_mxn,1132369.98,1132370.02,0.0
2024-07-18 16:30:24+00:00,btc_mxn,1132369.98,1132370.02,0.0
2024-07-18 16:30:25+00:00,btc_mxn,1132369.98,1132370.02,0.0
2024-07-18 16:30:26+00:00,btc_mxn,1132369.98,1132370.02,0.0
2024-07-18 16:30:27+00:00,btc_mxn,1132369.98,1132370.02,0.0
2024-07-18 16:30:28+00:00,btc_mxn,1132369.98,1132370.02,0.0
2024-07-18 16:30:29+00:00,btc_mxn,1132369.98,1132370.02,0.0
2024-07-18 16:30:30+00:00,btc_mxn,1132369.98,1132370.02,0.0
2024-07-18 16:30:31+00:00,btc_mxn,1132369.98,1132370.02,0.0
2024-07-18 16:30:32+00:00,btc_mxn,1132369.98,1132370.02,0.0
2024-07-18 16:30:33+00:00,btc_mxn,1132369.98,1132370.02,0.0
2024-07-18 16:30:34+00:00,btc_mxn,1132369.98,1132370.02,0.0
2024-07-18 16:30:35+00:00,btc_mxn,1132369.98,1132370.02,0.0
2024-07-18 16:30:36+00:00,btc_mxn,1132369.98,1132370.02,0.0
2024-07-18 16:30:37+00:00,btc_mxn,1132369.98,1132370.02,0.0
2024-07-18 16:30:38+00:00,btc_mxn,1132369.98,1132370.02,0.0
2024-07-18 16:30:39+00:00,btc_mxn,1132369.98,1132370.02,0.0
2024-07-18 16:30:40+00:00,btc_mxn,1132369.98,1132370.02,0.0
2024-07-18 16:30:41+00:00,btc_mxn,1132369.98,1132370.02,0.0
2024-07-18 16:30:42+00:00,btc_mxn,1132369.98,1132370.02,0.0
2024-07-18 16:30:43+00:00,btc_mxn,1132369.98,1132370.02,0.0
2024-07-18 16:30:44+00:00,btc_mxn,1132369.98,1132370.02,0.0
2024-07-18 16:30:45+00:00,btc_mxn,1132369.98,1132370.02,0.0
2024-07-18 16:30:46+00:00,btc_mxn,1132369.98,1132370.02,0.0
2024-07-18 16:30:47+00:00,btc_mxn,1132369.98,1132370.02,0.0
2024-07-18 16:30:48+00:00,btc_mxn,1132369.98,1132370.02,0.0
2024-07-18 16:30:50+00:00,btc_mxn,1132369.98,1132370.02,0.0
2024-07-18 16:30:50+00:00,btc_mxn,1132369.98,1132370.02,0.0
2024-07-18 16:30:52+00:00,btc_mxn,1132369.98,1132370.02,0.0
2024-07-18 16:30:53+00:00,btc_mxn,1132369.98,1132370.02,0.0
2024-07-18 16:30:54+00:00,btc_mxn,1132369.98,1132370.02,0.0
2024-07-18 16:30:55+00:00,btc_mxn,1132369.98,1132370.02,0.0
2024-07-18 16:30:56+00:00,btc_mxn,1132369.98,1132370.02,0.0
2024-07-18 16:30:57+00:00,btc_mxn,1132369.98,1132370.02,0.0
2024-07-18 16:30:58+00:00,btc_mxn,1132369.98,1132370.02,0.0
2024-07-18 16:30:59+00:00,btc_mxn,1132369.98,1132370.02,0.0
2024-07-18 16:31:00+00:00,btc_mxn,1132369.98,1132370.02,0.0
2024-07-18 16:31:01+00:00,btc_mxn,1132369.98,1132370.02,0.0
2024-07-18 16:31:02+00:00,btc_mxn,1132369.98,1132370.02,0.0
2024-07-18 16:31:03+00:00,btc_mxn,1132369.98,1132370.02,0.0
2024-07-18 16:31:04+00:00,btc_mxn,1134869.98,1134870.02,0.0
2024-07-18 16:31:05+00:00,btc_mxn,1134869.98,1134870.02,0.0
2024-07-18 16:31:06+00:00,btc_mxn,1134869.98,1134870.02,0.0
2024-07-18 16:31:07+00:00,btc_mxn,1134869.98,1134870.02,0.0
2024-07-18 16:31:08+00:00,btc_mxn,1134869.98,1134870.02,0.0
2024-07-18 16:31:09+00:00,btc_mxn,1134869.98,1134870.02,0.0
2024-07-18 16:31:10+00:00,btc_mxn,1134869.98,1134870.02,0.0
2024-07-18 16:31:11+00:00,btc_mxn,1134869.98,1134870.02,0.0
2024-07-18 16:31:12+00:00,btc_mxn,1134869.98,1134870.02,0.0
2024-07-18 16:31:13+00:00,btc_mxn,1134869.98,1134870.02,0.0
2024-07-18 16:31:14+00:00,btc_mxn,1134869.98,1134870.02,0.0
2024-07-18 16:31:15+00:00,btc_mxn,1134869.98,1134870.02,0.0
2024-07-18 16:31:16+00:00,btc_mxn,1134869.98,1134870.02,0.0
2024-07-18 16:31:17+00:00,btc_mxn,1134869.98,1134870.02,0.0
2024-07-18 16:31:18+00:00,btc_mxn,1134869.98,1134870.02,0.0
2024-07-18 16:31:19+00:00,btc_mxn,1132010.0,1134760.0,0.242
2024-07-18 16:31:20+00:00,btc_mxn,1132010.0,1134730.0,0.24
2024-07-18 16:31:21+00:00,btc_mxn,1132010.0,1134730.0,0.24
2024-07-18 16:31:22+00:00,btc_mxn,1132010.0,1134730.0,0.24
2024-07-18 16:31:23+00:00,btc_mxn,1131540.0,1134730.0,0.281
2024-07-18 16:31:24+00:00,btc_mxn,1131540.0,1134730.0,0.281
2024-07-18 16:31:25+00:00,btc_mxn,1131540.0,1134760.0,0.284
2024-07-18 16:31:26+00:00,btc_mxn,1132000.0,1134760.0,0.243
2024-07-18 16:31:27+00:00,btc_mxn,1132000.0,1134760.0,0.243
2024-07-18 16:31:28+00:00,btc_mxn,1131510.0,1134760.0,0.286
2024-07-18 16:31:29+00:00,btc_mxn,1131510.0,1134760.0,0.286
2024-07-18 16:31:30+00:00,btc_mxn,1131510.0,1134760.0,0.286
2024-07-18 16:31:31+00:00,btc_mxn,1131510.0,1134760.0,0.286
2024-07-18 16:31:32+00:00,btc_mxn,1131510.0,1134760.0,0.286
2024-07-18 16:31:33+00:00,btc_mxn,1131510.0,1134760.0,0.286
2024-07-18 16:31:34+00:00,btc_mxn,1131510.0,1134760.0,0.286
2024-07-18 16:31:35+00:00,btc_mxn,1131510.0,1134760.0,0.286
2024-07-18 16:31:36+00:00,btc_mxn,1131510.0,1134760.0,0.286
2024-07-18 16:31:37+00:00,btc_mxn,1131510.0,1134760.0,0.286
2024-07-18 16:31:38+00:00,btc_mxn,1131510.0,1134760.0,0.286
2024-07-18 16:31:39+00:00,btc_mxn,1131510.0,1134760.0,0.286
2024-07-18 16:31:40+00:00,btc_mxn,1131510.0,1134760.0,0.286
2024-07-18 16:31:41+00:00,btc_mxn,1131510.0,1134760.0,0.286
2024-07-18 16:31:42+00:00,btc_mxn,1131510.0,1134760.0,0.286
2024-07-18 16:31:44+00:00,btc_mxn,1131510.0,1134760.0,0.286
2024-07-18 16:31:44+00:00,btc_mxn,1131510.0,1134760.0,0.286
2024-07-18 16:31:46+00:00,btc_mxn,1131510.0,1134760.0,0.286
2024-07-18 16:31:47+00:00,btc_mxn,1131510.0,1134760.0,0.286
2024-07-18 16:31:48+00:00,btc_mxn,1131510.0,1134760.0,0.286
2024-07-18 16:31:49+00:00,btc_mxn,1131510.0,1134760.0,0.286
2024-07-18 16:31:50+00:00,btc_mxn,1131510.0,1134760.0,0.286
2024-07-18 16:31:51+00:00,btc_mxn,1131510.0,1134760.0,0.286
2024-07-18 16:31:52+00:00,btc_mxn,1131510.0,1134760.0,0.286
2024-07-18 16:31:53+00:00,btc_mxn,1131510.0,1134760.0,0.286
2024-07-18 16:31:54+00:00,btc_mxn,1131510.0,1134760.0,0.286
2024-07-18 16:31:55+00:00,btc_mxn,1131510.0,1134760.0,0.286
2024-07-18 16:31:56+00:00,btc_mxn,1131510.0,1134760.0,0.286
2024-07-18 16:31:57+00:00,btc_mxn,1131510.0,1134760.0,0.286
2024-07-18 16:31:58+00:00,btc_mxn,1131510.0,1134760.0,0.286
2024-07-18 16:31:59+00:00,btc_mxn,1131210.0,1134780.0,0.315
2024-07-18 16:32:00+00:00,btc_mxn,1131210.0,1134780.0,0.315
2024-07-18 16:32:01+00:00,btc_mxn,1131210.0,1134780.0,0.315
2024-07-18 16:32:02+00:00,btc_mxn,1132240.0,1134780.0,0.224
2024-07-18 16:32:03+00:00,btc_mxn,1132240.0,1134780.0,0.224
2024-07-18 16:32:04+00:00,btc_mxn,1132240.0,1134780.0,0.224
2024-07-18 16:32:05+00:00,btc_mxn,1132240.0,1134780.0,0.224
2024-07-18 16:32:06+00:00,btc_mxn,1132240.0,1134780.0,0.224
2024-07-18 16:32:07+00:00,btc_mxn,1132280.0,1134780.0,0.22
2024-07-18 16:32:08+00:00,btc_mxn,1132280.0,1134780.0,0.22
2024-07-18 16:32:09+00:00,btc_mxn,1132280.0,1134780.0,0.22
2024-07-18 16:32:10+00:00,btc_mxn,1132280.0,1134780.0,0.22
2024-07-18 16:32:11+00:00,btc_mxn,1132280.0,1134780.0,0.22
2024-07-18 16:32:12+00:00,btc_mxn,1132280.0,1134780.0,0.22
2024-07-18 16:32:13+00:00,btc_mxn,1132280.0,1134780.0,0.22
2024-07-18 16:32:14+00:00,btc_mxn,1132280.0,1134780.0,0.22
2024-07-18 16:32:15+00:00,btc_mxn,1132280.0,1134780.0,0.22
2024-07-18 16:32:16+00:00,btc_mxn,1132280.0,1134780.0,0.22
2024-07-18 16:32:17+00:00,btc_mxn,1132280.0,1134780.0,0.22
2024-07-18 16:32:18+00:00,btc_mxn,1132280.0,1134780.0,0.22
2024-07-18 16:32:19+00:00,btc_mxn,1132280.0,1134780.0,0.22
2024-07-18 16:32:20+00:00,btc_mxn,1132340.0,1134780.0,0.215
2024-07-18 16:32:21+00:00,btc_mxn,1132370.0,1134780.0,0.212
2024-07-18 16:32:22+00:00,btc_mxn,1132340.0,1134780.0,0.215
2024-07-18 16:32:23+00:00,btc_mxn,1132430.0,1134870.02,0.215
2024-07-18 16:32:24+00:00,btc_mxn,1132430.0,1134870.02,0.215
2024-07-18 16:32:25+00:00,btc_mxn,1132750.0,1134870.02,0.187
2024-07-18 16:32:26+00:00,btc_mxn,1132770.0,1134870.02,0.185
2024-07-18 16:32:27+00:00,btc_mxn,1132770.0,1134870.02,0.185
2024-07-18 16:32:28+00:00,btc_mxn,1132770.0,1134870.02,0.185
2024-07-18 16:32:29+00:00,btc_mxn,1132770.0,1134870.02,0.185
2024-07-18 16:32:30+00:00,btc_mxn,1132770.0,1134870.02,0.185
2024-07-18 16:32:31+00:00,btc_mxn,1132770.0,1134870.02,0.185
2024-07-18 16:32:32+00:00,btc_mxn,1132770.0,1134870.02,0.185
2024-07-18 16:32:33+00:00,btc_mxn,1132770.0,1134870.02,0.185
2024-07-18 16:32:34+00:00,btc_mxn,1132770.0,1134870.02,0.185
2024-07-18 16:32:35+00:00,btc_mxn,1132770.0,1134870.02,0.185
2024-07-18 16:32:36+00:00,btc_mxn,1132770.0,1134870.02,0.185
2024-07-18 16:32:37+00:00,btc_mxn,1132770.0,1134870.02,0.185
2024-07-18 16:32:38+00:00,btc_mxn,1132770.0,1134870.02,0.185
2024-07-18 16:32:39+00:00,btc_mxn,1132770.0,1134870.02,0.185
2024-07-18 16:32:40+00:00,btc_mxn,1132770.0,1134870.02,0.185
2024-07-18 16:32:41+00:00,btc_mxn,1132770.0,1134870.02,0.185
2024-07-18 16:32:42+00:00,btc_mxn,1132770.0,1134870.02,0.185
2024-07-18 16:32:44+00:00,btc_mxn,1132770.0,1134870.02,0.185
2024-07-18 16:32:45+00:00,btc_mxn,1132770.0,1134870.02,0.185
2024-07-18 16:32:46+00:00,btc_mxn,1132770.0,1134870.02,0.185
2024-07-18 16:32:47+00:00,btc_mxn,1132770.0,1134870.02,0.185
2024-07-18 16:32:48+00:00,btc_mxn,1132770.0,1134870.02,0.185
2024-07-18 16:32:49+00:00,btc_mxn,1132770.0,1134870.02,0.185
2024-07-18 16:32:50+00:00,btc_mxn,1132770.0,1134870.02,0.185
2024-07-18 16:32:51+00:00,btc_mxn,1132770.0,1134870.02,0.185
2024-07-18 16:32:52+00:00,btc_mxn,1132770.0,1134870.02,0.185
2024-07-18 16:32:53+00:00,btc_mxn,1132770.0,1134870.02,0.185
2024-07-18 16:32:54+00:00,btc_mxn,1132770.0,1134870.02,0.185
2024-07-18 16:32:55+00:00,btc_mxn,1132770.0,1134870.02,0.185
2024-07-18 16:32:56+00:00,btc_mxn,1132770.0,1134870.02,0.185
2024-07-18 16:32:57+00:00,btc_mxn,1132770.0,1134870.02,0.185
2024-07-18 16:32:58+00:00,btc_mxn,1132770.0,1134870.02,0.185
2024-07-18 16:32:59+00:00,btc_mxn,1132770.0,1134870.02,0.185
2024-07-18 16:33:00+00:00,btc_mxn,1132770.0,1134870.02,0.185
2024-07-18 16:33:01+00:00,btc_mxn,1132770.0,1134870.02,0.185
2024-07-18 16:33:02+00:00,btc_mxn,1132770.0,1134870.02,0.185
2024-07-18 16:33:03+00:00,btc_mxn,1132770.0,1134870.02,0.185
2024-07-18 16:33:04+00:00,btc_mxn,1132770.0,1134870.02,0.185
2024-07-18 16:33:05+00:00,btc_mxn,1132770.0,1134870.02,0.185
2024-07-18 16:33:06+00:00,btc_mxn,1132890.0,1134870.02,0.174
2024-07-18 16:33:07+00:00,btc_mxn,1132890.0,1134870.02,0.174
2024-07-18 16:33:08+00:00,btc_mxn,1132890.0,1134870.02,0.174
2024-07-18 16:33:09+00:00,btc_mxn,1132890.0,1134870.02,0.174
2024-07-18 16:33:10+00:00,btc_mxn,1132890.0,1134870.02,0.174
2024-07-18 16:33:11+00:00,btc_mxn,1132890.0,1134870.02,0.174
2024-07-18 16:33:12+00:00,btc_mxn,1132890.0,1134870.02,0.174
2024-07-18 16:33:13+00:00,btc_mxn,1132890.0,1134870.02,0.174
2024-07-18 16:33:14+00:00,btc_mxn,1132890.0,1134870.02,0.174
2024-07-18 16:33:15+00:00,btc_mxn,1132890.0,1134870.02,0.174
2024-07-18 16:33:16+00:00,btc_mxn,1132890.0,1134870.02,0.174
2024-07-18 16:33:17+00:00,btc_mxn,1132890.0,1134870.02,0.174
2024-07-18 16:33:18+00:00,btc_mxn,1132890.0,1134870.02,0.174
2024-07-18 16:33:19+00:00,btc_mxn,1132940.0,1134870.02,0.17
2024-07-18 16:33:20+00:00,btc_mxn,1132960.0,1134870.02,0.168
2024-07-18 16:33:21+00:00,btc_mxn,1132960.0,1134870.02,0.168
2024-07-18 16:33:22+00:00,btc_mxn,1132960.0,1134870.02,0.168
2024-07-18 16:33:23+00:00,btc_mxn,1132960.0,1134870.02,0.168
2024-07-18 16:33:24+00:00,btc_mxn,1132960.0,1134870.02,0.168
2024-07-18 16:33:25+00:00,btc_mxn,1132960.0,1134870.02,0.168
2024-07-18 16:33:26+00:00,btc_mxn,1132960.0,1134870.02,0.168
2024-07-18 16:33:27+00:00,btc_mxn,1132960.0,1134870.02,0.168
2024-07-18 16:33:28+00:00,btc_mxn,1132950.0,1134870.02,0.169
2024-07-18 16:33:29+00:00,btc_mxn,1132950.0,1134870.02,0.169
2024-07-18 16:33:30+00:00,btc_mxn,1132950.0,1134870.02,0.169
2024-07-18 16:33:31+00:00,btc_mxn,1132950.0,1134870.02,0.169
2024-07-18 16:33:33+00:00,btc_mxn,1132950.0,1134870.02,0.169
2024-07-18 16:33:33+00:00,btc_mxn,1132950.0,1134870.02,0.169
2024-07-18 16:33:34+00:00,btc_mxn,1132950.0,1134870.02,0.169
2024-07-18 16:33:35+00:00,btc_mxn,1132950.0,1134870.02,0.169
2024-07-18 16:33:36+00:00,btc_mxn,1132950.0,1134870.02,0.169
2024-07-18 16:33:37+00:00,btc_mxn,1132950.0,1134870.02,0.169
2024-07-18 16:33:38+00:00,btc_mxn,1132950.0,1134870.02,0.169
2024-07-18 16:33:39+00:00,btc_mxn,1132950.0,1134870.02,0.169
2024-07-18 16:33:40+00:00,btc_mxn,1132950.0,1134870.02,0.169
2024-07-18 16:33:41+00:00,btc_mxn,1132950.0,1134870.02,0.169
2024-07-18 16:33:42+00:00,btc_mxn,1132950.0,1134870.02,0.169
2024-07-18 16:33:43+00:00,btc_mxn,1132950.0,1134870.02,0.169
2024-07-18 16:33:44+00:00,btc_mxn,1132950.0,1134870.02,0.169
2024-07-18 16:33:45+00:00,btc_mxn,1132950.0,1134870.02,0.169
2024-07-18 16:33:47+00:00,btc_mxn,1132950.0,1134870.02,0.169
2024-07-18 16:33:47+00:00,btc_mxn,1132950.0,1134870.02,0.169
2024-07-18 16:33:49+00:00,btc_mxn,1132950.0,1134870.02,0.169
2024-07-18 16:33:50+00:00,btc_mxn,1132950.0,1134870.02,0.169
2024-07-18 16:33:51+00:00,btc_mxn,1132950.0,1134870.02,0.169
2024-07-18 16:33:52+00:00,btc_mxn,1132950.0,1134870.02,0.169
2024-07-18 16:33:53+00:00,btc_mxn,1132950.0,1134870.02,0.169
2024-07-18 16:33:54+00:00,btc_mxn,1132950.0,1134870.02,0.169
2024-07-18 16:33:55+00:00,btc_mxn,1132950.0,1134870.02,0.169
2024-07-18 16:33:56+00:00,btc_mxn,1132950.0,1134870.02,0.169
2024-07-18 16:33:57+00:00,btc_mxn,1132950.0,1134870.02,0.169
2024-07-18 16:33:58+00:00,btc_mxn,1132950.0,1134870.02,0.169
2024-07-18 16:33:59+00:00,btc_mxn,1132950.0,1134870.02,0.169
2024-07-18 16:34:00+00:00,btc_mxn,1133190.0,1134870.02,0.148
2024-07-18 16:34:01+00:00,btc_mxn,1133190.0,1134870.02,0.148
2024-07-18 16:34:02+00:00,btc_mxn,1133200.0,1134870.02,0.147
2024-07-18 16:34:03+00:00,btc_mxn,1133200.0,1134870.02,0.147
2024-07-18 16:34:04+00:00,btc_mxn,1133240.0,1134870.02,0.144
2024-07-18 16:34:05+00:00,btc_mxn,1133560.0,1134870.02,0.115
2024-07-18 16:34:06+00:00,btc_mxn,1133560.0,1134870.02,0.115
2024-07-18 16:34:07+00:00,btc_mxn,1133560.0,1134870.02,0.115
2024-07-18 16:34:08+00:00,btc_mxn,1133620.0,1134870.02,0.11
2024-07-18 16:34:09+00:00,btc_mxn,1133620.0,1134870.02,0.11
2024-07-18 16:34:10+00:00,btc_mxn,1133620.0,1134870.02,0.11
2024-07-18 16:34:11+00:00,btc_mxn,1133630.0,1134870.02,0.109
2024-07-18 16:34:12+00:00,btc_mxn,1133640.0,1134870.02,0.108
2024-07-18 16:34:13+00:00,btc_mxn,1133640.0,1134870.02,0.108
2024-07-18 16:34:14+00:00,btc_mxn,1133690.0,1134870.02,0.104
2024-07-18 16:34:15+00:00,btc_mxn,1133690.0,1134870.02,0.104
2024-07-18 16:34:16+00:00,btc_mxn,1133690.0,1134870.02,0.104
2024-07-18 16:34:17+00:00,btc_mxn,1133690.0,1134870.02,0.104
2024-07-18 16:34:18+00:00,btc_mxn,1133690.0,1134870.02,0.104
2024-07-18 16:34:19+00:00,btc_mxn,1133690.0,1134870.02,0.104
2024-07-18 16:34:20+00:00,btc_mxn,1133690.0,1134870.02,0.104
2024-07-18 16:34:21+00:00,btc_mxn,1133690.0,1134870.02,0.104
2024-07-18 16:34:22+00:00,btc_mxn,1133630.0,1134870.02,0.109
2024-07-18 16:34:23+00:00,btc_mxn,1133630.0,1134870.02,0.109
2024-07-18 16:34:24+00:00,btc_mxn,1133630.0,1134870.02,0.109
2024-07-18 16:34:25+00:00,btc_mxn,1133630.0,1134870.02,0.109
2024-07-18 16:34:26+00:00,btc_mxn,1133630.0,1134870.02,0.109
2024-07-18 16:34:27+00:00,btc_mxn,1133630.0,1134870.02,0.109
2024-07-18 16:34:28+00:00,btc_mxn,1133630.0,1134870.02,0.109
2024-07-18 16:34:29+00:00,btc_mxn,1133630.0,1134870.02,0.109
2024-07-18 16:34:30+00:00,btc_mxn,1133630.0,1134870.02,0.109
2024-07-18 16:34:31+00:00,btc_mxn,1133620.0,1134870.02,0.11
2024-07-18 16:34:32+00:00,btc_mxn,1133620.0,1134870.02,0.11
2024-07-18 16:34:33+00:00,btc_mxn,1133620.0,1134870.02,0.11
2024-07-18 16:34:34+00:00,btc_mxn,1133620.0,1134870.02,0.11
2024-07-18 16:34:35+00:00,btc_mxn,1133620.0,1134870.02,0.11
2024-07-18 16:34:36+00:00,btc_mxn,1133620.0,1134870.02,0.11
2024-07-18 16:34:37+00:00,btc_mxn,1133620.0,1134870.02,0.11
2024-07-18 16:34:38+00:00,btc_mxn,1133620.0,1134870.02,0.11
2024-07-18 16:34:39+00:00,btc_mxn,1133620.0,1134870.02,0.11
2024-07-18 16:34:40+00:00,btc_mxn,1133620.0,1134870.02,0.11
2024-07-18 16:34:41+00:00,btc_mxn,1133620.0,1134870.02,0.11
2024-07-18 16:34:42+00:00,btc_mxn,1133620.0,1134870.02,0.11
2024-07-18 16:34:43+00:00,btc_mxn,1133620.0,1134870.02,0.11
2024-07-18 16:34:44+00:00,btc_mxn,1133620.0,1134870.02,0.11
2024-07-18 16:34:45+00:00,btc_mxn,1133620.0,1134870.02,0.11
2024-07-18 16:34:46+00:00,btc_mxn,1133620.0,1134870.02,0.11
2024-07-18 16:34:47+00:00,btc_mxn,1133620.0,1134870.02,0.11
2024-07-18 16:34:48+00:00,btc_mxn,1133620.0,1134870.02,0.11
2024-07-18 16:34:49+00:00,btc_mxn,1133620.0,1134870.02,0.11
2024-07-18 16:34:51+00:00,btc_mxn,1133620.0,1134870.02,0.11
2024-07-18 16:34:52+00:00,btc_mxn,1133620.0,1134870.02,0.11
2024-07-18 16:34:53+00:00,btc_mxn,1133620.0,1134870.02,0.11
2024-07-18 16:34:54+00:00,btc_mxn,1133620.0,1134870.02,0.11
2024-07-18 16:34:55+00:00,btc_mxn,1133620.0,1134870.02,0.11
2024-07-18 16:34:56+00:00,btc_mxn,1133620.0,1134870.02,0.11
2024-07-18 16:34:57+00:00,btc_mxn,1133620.0,1134870.02,0.11
2024-07-18 16:34:58+00:00,btc_mxn,1133620.0,1134870.02,0.11
2024-07-18 16:34:59+00:00,btc_mxn,1133620.0,1134870.02,0.11
2024-07-18 16:35:00+00:00,btc_mxn,1133620.0,1134870.02,0.11
2024-07-18 16:35:01+00:00,btc_mxn,1133620.0,1134870.02,0.11
2024-07-18 16:35:02+00:00,btc_mxn,1133620.0,1134870.02,0.11
2024-07-18 16:35:03+00:00,btc_mxn,1133620.0,1134870.02,0.11
2024-07-18 16:35:04+00:00,btc_mxn,1133620.0,1134870.02,0.11
2024-07-18 16:35:05+00:00,btc_mxn,1133620.0,1134870.02,0.11
2024-07-18 16:35:06+00:00,btc_mxn,1133620.0,1134870.02,0.11
2024-07-18 16:35:07+00:00,btc_mxn,1133620.0,1134870.02,0.11
2024-07-18 16:35:08+00:00,btc_mxn,1133620.0,1134870.02,0.11
2024-07-18 16:35:09+00:00,btc_mxn,1133620.0,1134870.02,0.11
2024-07-18 16:35:10+00:00,btc_mxn,1133620.0,1134870.02,0.11
