orderbook_timestamp,book,bid,ask,spread
2024-07-17 14:06:49+00:00,btc_mxn,1151300.0,1153070.0,0.154
2024-07-17 14:06:50+00:00,btc_mxn,1151300.0,1153070.0,0.154
2024-07-17 14:06:51+00:00,btc_mxn,1151300.0,1153070.0,0.154
2024-07-17 14:06:52+00:00,btc_mxn,1151300.0,1153070.0,0.154
2024-07-17 14:06:53+00:00,btc_mxn,1151300.0,1153070.0,0.154
2024-07-17 14:06:54+00:00,btc_mxn,1151300.0,1153070.0,0.154
2024-07-17 14:06:55+00:00,btc_mxn,1151300.0,1153070.0,0.154
2024-07-17 14:06:56+00:00,btc_mxn,1151300.0,1153070.0,0.154
2024-07-17 14:06:57+00:00,btc_mxn,1151300.0,1153070.0,0.154
2024-07-17 14:06:58+00:00,btc_mxn,1151300.0,1153070.0,0.154
2024-07-17 14:06:59+00:00,btc_mxn,1151300.0,1152340.0,0.09
2024-07-17 14:07:00+00:00,btc_mxn,1151300.0,1152340.0,0.09
2024-07-17 14:07:01+00:00,btc_mxn,1151300.0,1152340.0,0.09
2024-07-17 14:07:02+00:00,btc_mxn,1151300.0,1152340.0,0.09
2024-07-17 14:07:03+00:00,btc_mxn,1151300.0,1152340.0,0.09
2024-07-17 14:07:04+00:00,btc_mxn,1151300.0,1153070.0,0.154
2024-07-17 14:07:05+00:00,btc_mxn,1151300.0,1153070.0,0.154
2024-07-17 14:07:06+00:00,btc_mxn,1151300.0,1153070.0,0.154
2024-07-17 14:07:07+00:00,btc_mxn,1151300.0,1153070.0,0.154
2024-07-17 14:07:08+00:00,btc_mxn,1155419.98,1156000.0,0.05
2024-07-17 14:07:09+00:00,btc_mxn,1155419.98,1155420.02,0.0
2024-07-17 14:07:10+00:00,btc_mxn,1155419.98,1155420.02,0.0
2024-07-17 14:07:11+00:00,btc_mxn,1155419.98,1155420.02,0.0
2024-07-17 14:07:12+00:00,btc_mxn,1155419.98,1155420.02,0.0
2024-07-17 14:07:13+00:00,btc_mxn,1155419.98,1155420.02,0.0
2024-07-17 14:07:14+00:00,btc_mxn,1155419.98,1155420.02,0.0
2024-07-17 14:07:15+00:00,btc_mxn,1155419.98,1155420.02,0.0
2024-07-17 14:07:16+00:00,btc_mxn,1155419.98,1155420.02,0.0
2024-07-17 14:07:17+00:00,btc_mxn,1155419.98,1155420.02,0.0
2024-07-17 14:07:18+00:00,btc_mxn,1155419.98,1155420.02,0.0
2024-07-17 14:07:19+00:00,btc_mxn,1155419.98,1155420.02,0.0
2024-07-17 14:07:20+00:00,btc_mxn,1155419.98,1155420.02,0.0
2024-07-17 14:07:21+00:00,btc_mxn,1155419.98,1155420.02,0.0
2024-07-17 14:07:22+00:00,btc_mxn,1155419.98,1155420.02,0.0
2024-07-17 14:07:23+00:00,btc_mxn,1155419.98,1155420.02,0.0
2024-07-17 14:07:24+00:00,btc_mxn,1155419.98,1155420.02,0.0
2024-07-17 14:07:25+00:00,btc_mxn,1155419.98,1155420.02,0.0
2024-07-17 14:07:26+00:00,btc_mxn,1155419.98,1155420.02,0.0
2024-07-17 14:07:27+00:00,btc_mxn,1155419.98,1155420.02,0.0
2024-07-17 14:07:29+00:00,btc_mxn,1155419.98,1155420.02,0.0
2024-07-17 14:07:30+00:00,btc_mxn,1155419.98,1155420.02,0.0
2024-07-17 14:07:31+00:00,btc_mxn,1155419.98,1155420.02,0.0
2024-07-17 14:07:32+00:00,btc_mxn,1155419.98,1155420.02,0.0
2024-07-17 14:07:33+00:00,btc_mxn,1155419.98,1155420.02,0.0
2024-07-17 14:07:34+00:00,btc_mxn,1155419.98,1155420.02,0.0
2024-07-17 14:07:35+00:00,btc_mxn,1155419.98,1155420.02,0.0
2024-07-17 14:07:36+00:00,btc_mxn,1155419.98,1155420.02,0.0
2024-07-17 14:07:37+00:00,btc_mxn,1155419.98,1155420.02,0.0
2024-07-17 14:07:38+00:00,btc_mxn,1155419.98,1155420.02,0.0
2024-07-17 14:07:39+00:00,btc_mxn,1155419.98,1155420.02,0.0
2024-07-17 14:07:40+00:00,btc_mxn,1155419.98,1155420.02,0.0
2024-07-17 14:07:41+00:00,btc_mxn,1155419.98,1155420.02,0.0
2024-07-17 14:07:42+00:00,btc_mxn,1155419.98,1155420.02,0.0
2024-07-17 14:07:43+00:00,btc_mxn,1155419.98,1155420.02,0.0
2024-07-17 14:07:44+00:00,btc_mxn,1155419.98,1155420.02,0.0
2024-07-17 14:07:45+00:00,btc_mxn,1155419.98,1155420.02,0.0
2024-07-17 14:07:46+00:00,btc_mxn,1155419.98,1155420.02,0.0
2024-07-17 14:07:47+00:00,btc_mxn,1155419.98,1155420.02,0.0
2024-07-17 14:07:48+00:00,btc_mxn,1155419.98,1155420.02,0.0
2024-07-17 14:07:49+00:00,btc_mxn,1155419.98,1155420.02,0.0
2024-07-17 14:07:50+00:00,btc_mxn,1155419.98,1155420.02,0.0
2024-07-17 14:07:51+00:00,btc_mxn,1155419.98,1155420.02,0.0
2024-07-17 14:07:52+00:00,btc_mxn,1155419.98,1155420.02,0.0
2024-07-17 14:07:53+00:00,btc_mxn,1155419.98,1155420.02,0.0
2024-07-17 14:07:54+00:00,btc_mxn,1155419.98,1155420.02,0.0
2024-07-17 14:07:55+00:00,btc_mxn,1155419.98,1155420.02,0.0
2024-07-17 14:07:56+00:00,btc_mxn,1155419.98,1155420.02,0.0
2024-07-17 14:07:57+00:00,btc_mxn,1155419.98,1155420.02,0.0
2024-07-17 14:07:58+00:00,btc_mxn,1155419.98,1155420.02,0.0
2024-07-17 14:07:59+00:00,btc_mxn,1151300.0,1155420.02,0.357
2024-07-17 14:08:00+00:00,btc_mxn,1151300.0,1154230.0,0.254
2024-07-17 14:08:01+00:00,btc_mxn,1151300.0,1151740.0,0.038
2024-07-17 14:08:02+00:00,btc_mxn,1151300.0,1151740.0,0.038
2024-07-17 14:08:03+00:00,btc_mxn,1151300.0,1151740.0,0.038
2024-07-17 14:08:04+00:00,btc_mxn,1151300.0,1151730.0,0.037
2024-07-17 14:08:06+00:00,btc_mxn,1151300.0,1151730.0,0.037
2024-07-17 14:08:06+00:00,btc_mxn,1151250.0,1151710.0,0.04
2024-07-17 14:08:07+00:00,btc_mxn,1151250.0,1151710.0,0.04
2024-07-17 14:08:08+00:00,btc_mxn,1151250.0,1151710.0,0.04
2024-07-17 14:08:09+00:00,btc_mxn,1151250.0,1151710.0,0.04
2024-07-17 14:08:10+00:00,btc_mxn,1151250.0,1151710.0,0.04
2024-07-17 14:08:11+00:00,btc_mxn,1151250.0,1151710.0,0.04
2024-07-17 14:08:12+00:00,btc_mxn,1151250.0,1151710.0,0.04
2024-07-17 14:08:13+00:00,btc_mxn,1151250.0,1151680.0,0.037
2024-07-17 14:08:15+00:00,btc_mxn,1151250.0,1151680.0,0.037
2024-07-17 14:08:15+00:00,btc_mxn,1151250.0,1151620.0,0.032
2024-07-17 14:08:16+00:00,btc_mxn,1151250.0,1151620.0,0.032
2024-07-17 14:08:18+00:00,btc_mxn,1151250.0,1151620.0,0.032
2024-07-17 14:08:19+00:00,btc_mxn,1151250.0,1151620.0,0.032
2024-07-17 14:08:20+00:00,btc_mxn,1151250.0,1151620.0,0.032
2024-07-17 14:08:21+00:00,btc_mxn,1151250.0,1151620.0,0.032
2024-07-17 14:08:22+00:00,btc_mxn,1151250.0,1151620.0,0.032
2024-07-17 14:08:23+00:00,btc_mxn,1151250.0,1151620.0,0.032
2024-07-17 14:08:24+00:00,btc_mxn,1151250.0,1151620.0,0.032
2024-07-17 14:08:25+00:00,btc_mxn,1151250.0,1151620.0,0.032
2024-07-17 14:08:26+00:00,btc_mxn,1151250.0,1151620.0,0.032
2024-07-17 14:08:27+00:00,btc_mxn,1151250.0,1151620.0,0.032
2024-07-17 14:08:28+00:00,btc_mxn,1151250.0,1151620.0,0.032
2024-07-17 14:08:29+00:00,btc_mxn,1151250.0,1151620.0,0.032
2024-07-17 14:08:30+00:00,btc_mxn,1151250.0,1151620.0,0.032
2024-07-17 14:08:31+00:00,btc_mxn,1151250.0,1151620.0,0.032
2024-07-17 14:08:32+00:00,btc_mxn,1151250.0,1151680.0,0.037
2024-07-17 14:08:33+00:00,btc_mxn,1151250.0,1151680.0,0.037
2024-07-17 14:08:34+00:00,btc_mxn,1151250.0,1151680.0,0.037
2024-07-17 14:08:35+00:00,btc_mxn,1151250.0,1151680.0,0.037
2024-07-17 14:08:36+00:00,btc_mxn,1151250.0,1151680.0,0.037
2024-07-17 14:08:37+00:00,btc_mxn,1151250.0,1151680.0,0.037
2024-07-17 14:08:38+00:00,btc_mxn,1151250.0,1151680.0,0.037
2024-07-17 14:08:39+00:00,btc_mxn,1151250.0,1151680.0,0.037
2024-07-17 14:08:40+00:00,btc_mxn,1151250.0,1151680.0,0.037
2024-07-17 14:08:41+00:00,btc_mxn,1151250.0,1151680.0,0.037
2024-07-17 14:08:42+00:00,btc_mxn,1151250.0,1151680.0,0.037
2024-07-17 14:08:43+00:00,btc_mxn,1151250.0,1151680.0,0.037
2024-07-17 14:08:44+00:00,btc_mxn,1151250.0,1151680.0,0.037
2024-07-17 14:08:45+00:00,btc_mxn,1151250.0,1151680.0,0.037
2024-07-17 14:08:46+00:00,btc_mxn,1151250.0,1151680.0,0.037
2024-07-17 14:08:47+00:00,btc_mxn,1151250.0,1151680.0,0.037
2024-07-17 14:08:48+00:00,btc_mxn,1151250.0,1151680.0,0.037
2024-07-17 14:08:49+00:00,btc_mxn,1151250.0,1151680.0,0.037
2024-07-17 14:08:50+00:00,btc_mxn,1151250.0,1151680.0,0.037
2024-07-17 14:08:51+00:00,btc_mxn,1151250.0,1151680.0,0.037
2024-07-17 14:08:52+00:00,btc_mxn,1151250.0,1151680.0,0.037
2024-07-17 14:08:53+00:00,btc_mxn,1151250.0,1151680.0,0.037
2024-07-17 14:08:54+00:00,btc_mxn,1151250.0,1151680.0,0.037
2024-07-17 14:08:55+00:00,btc_mxn,1151250.0,1151680.0,0.037
2024-07-17 14:08:56+00:00,btc_mxn,1151250.0,1151680.0,0.037
2024-07-17 14:08:57+00:00,btc_mxn,1151250.0,1151680.0,0.037
2024-07-17 14:08:58+00:00,btc_mxn,1151250.0,1151680.0,0.037
2024-07-17 14:08:59+00:00,btc_mxn,1151250.0,1151680.0,0.037
2024-07-17 14:09:00+00:00,btc_mxn,1151250.0,1151680.0,0.037
2024-07-17 14:09:01+00:00,btc_mxn,1148420.0,1151070.0,0.23
2024-07-17 14:09:02+00:00,btc_mxn,1148420.0,1151070.0,0.23
2024-07-17 14:09:03+00:00,btc_mxn,1148420.0,1151070.0,0.23
2024-07-17 14:09:04+00:00,btc_mxn,1148420.0,1151070.0,0.23
2024-07-17 14:09:05+00:00,btc_mxn,1148420.0,1151070.0,0.23
2024-07-17 14:09:06+00:00,btc_mxn,1148420.0,1151070.0,0.23
2024-07-17 14:09:07+00:00,btc_mxn,1148420.0,1151070.0,0.23
2024-07-17 14:09:08+00:00,btc_mxn,1148420.0,1151070.0,0.23
2024-07-17 14:09:09+00:00,btc_mxn,1148420.0,1151070.0,0.23
2024-07-17 14:09:10+00:00,btc_mxn,1148420.0,1151070.0,0.23
2024-07-17 14:09:11+00:00,btc_mxn,1148420.0,1151070.0,0.23
2024-07-17 14:09:12+00:00,btc_mxn,1148420.0,1151070.0,0.23
2024-07-17 14:09:13+00:00,btc_mxn,1148420.0,1151070.0,0.23
2024-07-17 14:09:14+00:00,btc_mxn,1148420.0,1151070.0,0.23
2024-07-17 14:09:15+00:00,btc_mxn,1148420.0,1151710.0,0.286
2024-07-17 14:09:16+00:00,btc_mxn,1148420.0,1151710.0,0.286
2024-07-17 14:09:17+00:00,btc_mxn,1148420.0,1151710.0,0.286
2024-07-17 14:09:18+00:00,btc_mxn,1148420.0,1151710.0,0.286
2024-07-17 14:09:19+00:00,btc_mxn,1148420.0,1151710.0,0.286
2024-07-17 14:09:20+00:00,btc_mxn,1148420.0,1151710.0,0.286
2024-07-17 14:09:21+00:00,btc_mxn,1148420.0,1151710.0,0.286
2024-07-17 14:09:22+00:00,btc_mxn,1148420.0,1151710.0,0.286
2024-07-17 14:09:23+00:00,btc_mxn,1148420.0,1151710.0,0.286
2024-07-17 14:09:25+00:00,btc_mxn,1148420.0,1151710.0,0.286
2024-07-17 14:09:26+00:00,btc_mxn,1148420.0,1151710.0,0.286
2024-07-17 14:09:27+00:00,btc_mxn,1148420.0,1151710.0,0.286
2024-07-17 14:09:28+00:00,btc_mxn,1148420.0,1151710.0,0.286
2024-07-17 14:09:29+00:00,btc_mxn,1148420.0,1151710.0,0.286
2024-07-17 14:09:30+00:00,btc_mxn,1148420.0,1151710.0,0.286
2024-07-17 14:09:31+00:00,btc_mxn,1148420.0,1151710.0,0.286
2024-07-17 14:09:32+00:00,btc_mxn,1148420.0,1151710.0,0.286
2024-07-17 14:09:33+00:00,btc_mxn,1148420.0,1151710.0,0.286
2024-07-17 14:09:34+00:00,btc_mxn,1148420.0,1151710.0,0.286
2024-07-17 14:09:35+00:00,btc_mxn,1148420.0,1151070.0,0.23
2024-07-17 14:09:36+00:00,btc_mxn,1148420.0,1150460.0,0.177
2024-07-17 14:09:37+00:00,btc_mxn,1148420.0,1150460.0,0.177
2024-07-17 14:09:38+00:00,btc_mxn,1148420.0,1150460.0,0.177
2024-07-17 14:09:39+00:00,btc_mxn,1148420.0,1150460.0,0.177
2024-07-17 14:09:40+00:00,btc_mxn,1148420.0,1150460.0,0.177
2024-07-17 14:09:41+00:00,btc_mxn,1148420.0,1150460.0,0.177
2024-07-17 14:09:42+00:00,btc_mxn,1148420.0,1150460.0,0.177
2024-07-17 14:09:43+00:00,btc_mxn,1148420.0,1150460.0,0.177
2024-07-17 14:09:44+00:00,btc_mxn,1148420.0,1150460.0,0.177
2024-07-17 14:09:45+00:00,btc_mxn,1148420.0,1150460.0,0.177
2024-07-17 14:09:46+00:00,btc_mxn,1148420.0,1150460.0,0.177
2024-07-17 14:09:47+00:00,btc_mxn,1148420.0,1150460.0,0.177
2024-07-17 14:09:48+00:00,btc_mxn,1148420.0,1150460.0,0.177
2024-07-17 14:09:49+00:00,btc_mxn,1148420.0,1150460.0,0.177
2024-07-17 14:09:50+00:00,btc_mxn,1148420.0,1150460.0,0.177
2024-07-17 14:09:51+00:00,btc_mxn,1148420.0,1150460.0,0.177
2024-07-17 14:09:52+00:00,btc_mxn,1148420.0,1150460.0,0.177
2024-07-17 14:09:53+00:00,btc_mxn,1148420.0,1150460.0,0.177
2024-07-17 14:09:54+00:00,btc_mxn,1148420.0,1150460.0,0.177
2024-07-17 14:09:55+00:00,btc_mxn,1148420.0,1150460.0,0.177
2024-07-17 14:09:56+00:00,btc_mxn,1148420.0,1150460.0,0.177
2024-07-17 14:09:57+00:00,btc_mxn,1148420.0,1150460.0,0.177
2024-07-17 14:09:58+00:00,btc_mxn,1148420.0,1150460.0,0.177
2024-07-17 14:09:59+00:00,btc_mxn,1148420.0,1150460.0,0.177
2024-07-17 14:10:00+00:00,btc_mxn,1148420.0,1150460.0,0.177
2024-07-17 14:10:01+00:00,btc_mxn,1148420.0,1150460.0,0.177
2024-07-17 14:10:02+00:00,btc_mxn,1148420.0,1150460.0,0.177
2024-07-17 14:10:03+00:00,btc_mxn,1148420.0,1150460.0,0.177
2024-07-17 14:10:04+00:00,btc_mxn,1148420.0,1150460.0,0.177
2024-07-17 14:10:05+00:00,btc_mxn,1148420.0,1150460.0,0.177
2024-07-17 14:10:06+00:00,btc_mxn,1148420.0,1150460.0,0.177
2024-07-17 14:10:07+00:00,btc_mxn,1148420.0,1151070.0,0.23
2024-07-17 14:10:08+00:00,btc_mxn,1148420.0,1151070.0,0.23
2024-07-17 14:10:09+00:00,btc_mxn,1148420.0,1151070.0,0.23
2024-07-17 14:10:10+00:00,btc_mxn,1148420.0,1151070.0,0.23
2024-07-17 14:10:11+00:00,btc_mxn,1148420.0,1151070.0,0.23
2024-07-17 14:10:12+00:00,btc_mxn,1148420.0,1151070.0,0.23
2024-07-17 14:10:13+00:00,btc_mxn,1148420.0,1151080.0,0.231
2024-07-17 14:10:14+00:00,btc_mxn,1148420.0,1151080.0,0.231
2024-07-17 14:10:15+00:00,btc_mxn,1148420.0,1151080.0,0.231
2024-07-17 14:10:16+00:00,btc_mxn,1148420.0,1151080.0,0.231
2024-07-17 14:10:17+00:00,btc_mxn,1148420.0,1151080.0,0.231
2024-07-17 14:10:18+00:00,btc_mxn,1148420.0,1151080.0,0.231
2024-07-17 14:10:19+00:00,btc_mxn,1148420.0,1151080.0,0.231
2024-07-17 14:10:20+00:00,btc_mxn,1148420.0,1151080.0,0.231
2024-07-17 14:10:21+00:00,btc_mxn,1148420.0,1151080.0,0.231
2024-07-17 14:10:22+00:00,btc_mxn,1148420.0,1151080.0,0.231
2024-07-17 14:10:23+00:00,btc_mxn,1148420.0,1151080.0,0.231
2024-07-17 14:10:24+00:00,btc_mxn,1148420.0,1151080.0,0.231
2024-07-17 14:10:25+00:00,btc_mxn,1148420.0,1151080.0,0.231
2024-07-17 14:10:26+00:00,btc_mxn,1148420.0,1151080.0,0.231
2024-07-17 14:10:27+00:00,btc_mxn,1148420.0,1151080.0,0.231
2024-07-17 14:10:29+00:00,btc_mxn,1148420.0,1151080.0,0.231
2024-07-17 14:10:30+00:00,btc_mxn,1148420.0,1151080.0,0.231
2024-07-17 14:10:31+00:00,btc_mxn,1148420.0,1151080.0,0.231
2024-07-17 14:10:32+00:00,btc_mxn,1148420.0,1151080.0,0.231
2024-07-17 14:10:33+00:00,btc_mxn,1148420.0,1151080.0,0.231
2024-07-17 14:10:34+00:00,btc_mxn,1148420.0,1151080.0,0.231
2024-07-17 14:10:35+00:00,btc_mxn,1148420.0,1151080.0,0.231
2024-07-17 14:10:36+00:00,btc_mxn,1148420.0,1151080.0,0.231
2024-07-17 14:10:37+00:00,btc_mxn,1148420.0,1151080.0,0.231
2024-07-17 14:10:38+00:00,btc_mxn,1148420.0,1151080.0,0.231
2024-07-17 14:10:39+00:00,btc_mxn,1148420.0,1151080.0,0.231
2024-07-17 14:10:40+00:00,btc_mxn,1148420.0,1151080.0,0.231
2024-07-17 14:10:41+00:00,btc_mxn,1148420.0,1151080.0,0.231
2024-07-17 14:10:42+00:00,btc_mxn,1148420.0,1151080.0,0.231
2024-07-17 14:10:43+00:00,btc_mxn,1148420.0,1151080.0,0.231
2024-07-17 14:10:44+00:00,btc_mxn,1148420.0,1151080.0,0.231
2024-07-17 14:10:45+00:00,btc_mxn,1148420.0,1151080.0,0.231
2024-07-17 14:10:46+00:00,btc_mxn,1148420.0,1151080.0,0.231
2024-07-17 14:10:47+00:00,btc_mxn,1148420.0,1151080.0,0.231
2024-07-17 14:10:48+00:00,btc_mxn,1148420.0,1151080.0,0.231
2024-07-17 14:10:49+00:00,btc_mxn,1148420.0,1151080.0,0.231
2024-07-17 14:10:50+00:00,btc_mxn,1148420.0,1151080.0,0.231
2024-07-17 14:10:51+00:00,btc_mxn,1148420.0,1151080.0,0.231
2024-07-17 14:10:52+00:00,btc_mxn,1148420.0,1151080.0,0.231
2024-07-17 14:10:53+00:00,btc_mxn,1148420.0,1151080.0,0.231
2024-07-17 14:10:54+00:00,btc_mxn,1148420.0,1151080.0,0.231
2024-07-17 14:10:55+00:00,btc_mxn,1148420.0,1151080.0,0.231
2024-07-17 14:10:56+00:00,btc_mxn,1148420.0,1151080.0,0.231
2024-07-17 14:10:57+00:00,btc_mxn,1148420.0,1151080.0,0.231
2024-07-17 14:10:58+00:00,btc_mxn,1148420.0,1151080.0,0.231
2024-07-17 14:10:59+00:00,btc_mxn,1148420.0,1151080.0,0.231
2024-07-17 14:11:00+00:00,btc_mxn,1148420.0,1151080.0,0.231
2024-07-17 14:11:01+00:00,btc_mxn,1148420.0,1151080.0,0.231
2024-07-17 14:11:02+00:00,btc_mxn,1148420.0,1151080.0,0.231
2024-07-17 14:11:03+00:00,btc_mxn,1148420.0,1151080.0,0.231
2024-07-17 14:11:04+00:00,btc_mxn,1148420.0,1151080.0,0.231
2024-07-17 14:11:05+00:00,btc_mxn,1148420.0,1151080.0,0.231
2024-07-17 14:11:06+00:00,btc_mxn,1148420.0,1151080.0,0.231
2024-07-17 14:11:07+00:00,btc_mxn,1148420.0,1151080.0,0.231
2024-07-17 14:11:08+00:00,btc_mxn,1148420.0,1151080.0,0.231
2024-07-17 14:11:09+00:00,btc_mxn,1148420.0,1151080.0,0.231
2024-07-17 14:11:10+00:00,btc_mxn,1148420.0,1151080.0,0.231
2024-07-17 14:11:11+00:00,btc_mxn,1148420.0,1151080.0,0.231
2024-07-17 14:11:12+00:00,btc_mxn,1148420.0,1151080.0,0.231
2024-07-17 14:11:13+00:00,btc_mxn,1148420.0,1151080.0,0.231
2024-07-17 14:11:14+00:00,btc_mxn,1148420.0,1151080.0,0.231
2024-07-17 14:11:15+00:00,btc_mxn,1148420.0,1151080.0,0.231
2024-07-17 14:11:17+00:00,btc_mxn,1148420.0,1151080.0,0.231
2024-07-17 14:11:18+00:00,btc_mxn,1148420.0,1151080.0,0.231
2024-07-17 14:11:19+00:00,btc_mxn,1148420.0,1151080.0,0.231
2024-07-17 14:11:20+00:00,btc_mxn,1148420.0,1151080.0,0.231
2024-07-17 14:11:21+00:00,btc_mxn,1148420.0,1151080.0,0.231
2024-07-17 14:11:22+00:00,btc_mxn,1148420.0,1151080.0,0.231
2024-07-17 14:11:23+00:00,btc_mxn,1148420.0,1151080.0,0.231
2024-07-17 14:11:24+00:00,btc_mxn,1148420.0,1151080.0,0.231
2024-07-17 14:11:25+00:00,btc_mxn,1148420.0,1151080.0,0.231
2024-07-17 14:11:26+00:00,btc_mxn,1148420.0,1151080.0,0.231
2024-07-17 14:11:27+00:00,btc_mxn,1148420.0,1151080.0,0.231
2024-07-17 14:11:28+00:00,btc_mxn,1148420.0,1151080.0,0.231
2024-07-17 14:11:29+00:00,btc_mxn,1148420.0,1151080.0,0.231
2024-07-17 14:11:30+00:00,btc_mxn,1148420.0,1151080.0,0.231
2024-07-17 14:11:31+00:00,btc_mxn,1148420.0,1151080.0,0.231
2024-07-17 14:11:32+00:00,btc_mxn,1148420.0,1151080.0,0.231
2024-07-17 14:11:33+00:00,btc_mxn,1148420.0,1151080.0,0.231
2024-07-17 14:11:34+00:00,btc_mxn,1148420.0,1151080.0,0.231
2024-07-17 14:11:35+00:00,btc_mxn,1148420.0,1151080.0,0.231
2024-07-17 14:11:36+00:00,btc_mxn,1148420.0,1151080.0,0.231
2024-07-17 14:11:37+00:00,btc_mxn,1148420.0,1151080.0,0.231
2024-07-17 14:11:38+00:00,btc_mxn,1148420.0,1151080.0,0.231
2024-07-17 14:11:39+00:00,btc_mxn,1148420.0,1151080.0,0.231
2024-07-17 14:11:40+00:00,btc_mxn,1148420.0,1151080.0,0.231
2024-07-17 14:11:41+00:00,btc_mxn,1148420.0,1151080.0,0.231
2024-07-17 14:11:42+00:00,btc_mxn,1148420.0,1151080.0,0.231
2024-07-17 14:11:43+00:00,btc_mxn,1148420.0,1151080.0,0.231
2024-07-17 14:11:44+00:00,btc_mxn,1148420.0,1151080.0,0.231
2024-07-17 14:11:45+00:00,btc_mxn,1148420.0,1151080.0,0.231
2024-07-17 14:11:46+00:00,btc_mxn,1148420.0,1151080.0,0.231
2024-07-17 14:11:47+00:00,btc_mxn,1148420.0,1151080.0,0.231
2024-07-17 14:11:48+00:00,btc_mxn,1148420.0,1151080.0,0.231
2024-07-17 14:11:49+00:00,btc_mxn,1148420.0,1151080.0,0.231
2024-07-17 14:11:50+00:00,btc_mxn,1148420.0,1151080.0,0.231
2024-07-17 14:11:51+00:00,btc_mxn,1148420.0,1151080.0,0.231
2024-07-17 14:11:52+00:00,btc_mxn,1148420.0,1151080.0,0.231
2024-07-17 14:11:53+00:00,btc_mxn,1148420.0,1151080.0,0.231
2024-07-17 14:11:54+00:00,btc_mxn,1148420.0,1151080.0,0.231
2024-07-17 14:11:55+00:00,btc_mxn,1148420.0,1151080.0,0.231
2024-07-17 14:11:56+00:00,btc_mxn,1148420.0,1151080.0,0.231
2024-07-17 14:11:57+00:00,btc_mxn,1148420.0,1151080.0,0.231
2024-07-17 14:11:58+00:00,btc_mxn,1148420.0,1151080.0,0.231
2024-07-17 14:11:59+00:00,btc_mxn,1148670.0,1151080.0,0.209
2024-07-17 14:12:00+00:00,btc_mxn,1148670.0,1151710.0,0.264
2024-07-17 14:12:01+00:00,btc_mxn,1148670.0,1151710.0,0.264
2024-07-17 14:12:02+00:00,btc_mxn,1148670.0,1151710.0,0.264
2024-07-17 14:12:03+00:00,btc_mxn,1148760.0,1151710.0,0.256
2024-07-17 14:12:04+00:00,btc_mxn,1148760.0,1151710.0,0.256
2024-07-17 14:12:05+00:00,btc_mxn,1148770.0,1151710.0,0.255
2024-07-17 14:12:06+00:00,btc_mxn,1148770.0,1151710.0,0.255
2024-07-17 14:12:07+00:00,btc_mxn,1148770.0,1151710.0,0.255
2024-07-17 14:12:08+00:00,btc_mxn,1148770.0,1151710.0,0.255
2024-07-17 14:12:09+00:00,btc_mxn,1148519.98,1148520.02,0.0
2024-07-17 14:12:10+00:00,btc_mxn,1148519.98,1148520.02,0.0
2024-07-17 14:12:11+00:00,btc_mxn,1148519.98,1148520.02,0.0
2024-07-17 14:12:12+00:00,btc_mxn,1148519.98,1148520.02,0.0
2024-07-17 14:12:13+00:00,btc_mxn,1148519.98,1148520.02,0.0
2024-07-17 14:12:14+00:00,btc_mxn,1148519.98,1148520.02,0.0
2024-07-17 14:12:15+00:00,btc_mxn,1148519.98,1148520.02,0.0
2024-07-17 14:12:16+00:00,btc_mxn,1148519.98,1148520.02,0.0
2024-07-17 14:12:17+00:00,btc_mxn,1148519.98,1148520.02,0.0
2024-07-17 14:12:18+00:00,btc_mxn,1148519.98,1148520.02,0.0
2024-07-17 14:12:19+00:00,btc_mxn,1148519.98,1148520.02,0.0
2024-07-17 14:12:20+00:00,btc_mxn,1148519.98,1148520.02,0.0
2024-07-17 14:12:21+00:00,btc_mxn,1148519.98,1148520.02,0.0
2024-07-17 14:12:22+00:00,btc_mxn,1148519.98,1148520.02,0.0
2024-07-17 14:12:23+00:00,btc_mxn,1148519.98,1148520.02,0.0
2024-07-17 14:12:24+00:00,btc_mxn,1148519.98,1148520.02,0.0
2024-07-17 14:12:25+00:00,btc_mxn,1148519.98,1148520.02,0.0
2024-07-17 14:12:26+00:00,btc_mxn,1148519.98,1148520.02,0.0
2024-07-17 14:12:27+00:00,btc_mxn,1148519.98,1148520.02,0.0
2024-07-17 14:12:28+00:00,btc_mxn,1148519.98,1148520.02,0.0
2024-07-17 14:12:30+00:00,btc_mxn,1148519.98,1148520.02,0.0
2024-07-17 14:12:31+00:00,btc_mxn,1148519.98,1148520.02,0.0
2024-07-17 14:12:32+00:00,btc_mxn,1148519.98,1148520.02,0.0
2024-07-17 14:12:33+00:00,btc_mxn,1148519.98,1148520.02,0.0
2024-07-17 14:12:34+00:00,btc_mxn,1148519.98,1148520.02,0.0
2024-07-17 14:12:36+00:00,btc_mxn,1148519.98,1148520.02,0.0
2024-07-17 14:12:38+00:00,btc_mxn,1148519.98,1148520.02,0.0
2024-07-17 14:12:39+00:00,btc_mxn,1148519.98,1148520.02,0.0
2024-07-17 14:12:40+00:00,btc_mxn,1148519.98,1148520.02,0.0
2024-07-17 14:12:41+00:00,btc_mxn,1148519.98,1148520.02,0.0
2024-07-17 14:12:42+00:00,btc_mxn,1148519.98,1148520.02,0.0
2024-07-17 14:12:43+00:00,btc_mxn,1148519.98,1148520.02,0.0
2024-07-17 14:12:44+00:00,btc_mxn,1148519.98,1148520.02,0.0
2024-07-17 14:12:45+00:00,btc_mxn,1148519.98,1148520.02,0.0
2024-07-17 14:12:46+00:00,btc_mxn,1148519.98,1148520.02,0.0
2024-07-17 14:12:47+00:00,btc_mxn,1148519.98,1148520.02,0.0
2024-07-17 14:12:48+00:00,btc_mxn,1148519.98,1148520.02,0.0
2024-07-17 14:12:49+00:00,btc_mxn,1148519.98,1148520.02,0.0
2024-07-17 14:12:50+00:00,btc_mxn,1148519.98,1148520.02,0.0
2024-07-17 14:12:51+00:00,btc_mxn,1148519.98,1148520.02,0.0
2024-07-17 14:12:52+00:00,btc_mxn,1148519.98,1148520.02,0.0
2024-07-17 14:12:53+00:00,btc_mxn,1148519.98,1148520.02,0.0
2024-07-17 14:12:54+00:00,btc_mxn,1148519.98,1148520.02,0.0
2024-07-17 14:12:55+00:00,btc_mxn,1148519.98,1148520.02,0.0
2024-07-17 14:12:56+00:00,btc_mxn,1148519.98,1148520.02,0.0
2024-07-17 14:12:57+00:00,btc_mxn,1148519.98,1148520.02,0.0
2024-07-17 14:12:58+00:00,btc_mxn,1148519.98,1148520.02,0.0
2024-07-17 14:12:59+00:00,btc_mxn,1148519.98,1148520.02,0.0
2024-07-17 14:13:00+00:00,btc_mxn,1148519.98,1148520.02,0.0
2024-07-17 14:13:01+00:00,btc_mxn,1148519.98,1148520.02,0.0
2024-07-17 14:13:02+00:00,btc_mxn,1148519.98,1148520.02,0.0
2024-07-17 14:13:03+00:00,btc_mxn,1148519.98,1148520.02,0.0
2024-07-17 14:13:04+00:00,btc_mxn,1148519.98,1148520.02,0.0
2024-07-17 14:13:05+00:00,btc_mxn,1148519.98,1148520.02,0.0
2024-07-17 14:13:06+00:00,btc_mxn,1148519.98,1148520.02,0.0
2024-07-17 14:13:07+00:00,btc_mxn,1148519.98,1148520.02,0.0
2024-07-17 14:13:08+00:00,btc_mxn,1148519.98,1148520.02,0.0
2024-07-17 14:13:09+00:00,btc_mxn,1148519.98,1148520.02,0.0
2024-07-17 14:13:10+00:00,btc_mxn,1148519.98,1148520.02,0.0
2024-07-17 14:13:11+00:00,btc_mxn,1148519.98,1148520.02,0.0
2024-07-17 14:13:12+00:00,btc_mxn,1148519.98,1148520.02,0.0
2024-07-17 14:13:13+00:00,btc_mxn,1148519.98,1148520.02,0.0
2024-07-17 14:13:14+00:00,btc_mxn,1148519.98,1148520.02,0.0
2024-07-17 14:13:15+00:00,btc_mxn,1148519.98,1148520.02,0.0
2024-07-17 14:13:16+00:00,btc_mxn,1148519.98,1148520.02,0.0
2024-07-17 14:13:17+00:00,btc_mxn,1148519.98,1148520.02,0.0
2024-07-17 14:13:18+00:00,btc_mxn,1148519.98,1148520.02,0.0
2024-07-17 14:13:19+00:00,btc_mxn,1148519.98,1148520.02,0.0
2024-07-17 14:13:20+00:00,btc_mxn,1148519.98,1148520.02,0.0
2024-07-17 14:13:21+00:00,btc_mxn,1148519.98,1148520.02,0.0
2024-07-17 14:13:22+00:00,btc_mxn,1148519.98,1148520.02,0.0
2024-07-17 14:13:23+00:00,btc_mxn,1148519.98,1148520.02,0.0
2024-07-17 14:13:24+00:00,btc_mxn,1149270.0,1151950.0,0.233
2024-07-17 14:13:25+00:00,btc_mxn,1149270.0,1151950.0,0.233
2024-07-17 14:13:26+00:00,btc_mxn,1149270.0,1151950.0,0.233
2024-07-17 14:13:27+00:00,btc_mxn,1149270.0,1151950.0,0.233
2024-07-17 14:13:28+00:00,btc_mxn,1149270.0,1151950.0,0.233
2024-07-17 14:13:29+00:00,btc_mxn,1149270.0,1151950.0,0.233
2024-07-17 14:13:30+00:00,btc_mxn,1149270.0,1151950.0,0.233
2024-07-17 14:13:31+00:00,btc_mxn,1149270.0,1151950.0,0.233
2024-07-17 14:13:32+00:00,btc_mxn,1149270.0,1151690.0,0.21
2024-07-17 14:13:33+00:00,btc_mxn,1149270.0,1151690.0,0.21
2024-07-17 14:13:34+00:00,btc_mxn,1149270.0,1151570.0,0.2
2024-07-17 14:13:35+00:00,btc_mxn,1149270.0,1151570.0,0.2
2024-07-17 14:13:36+00:00,btc_mxn,1149270.0,1151470.0,0.191
2024-07-17 14:13:37+00:00,btc_mxn,1149270.0,1151470.0,0.191
2024-07-17 14:13:38+00:00,btc_mxn,1149270.0,1151470.0,0.191
2024-07-17 14:13:39+00:00,btc_mxn,1149270.0,1151470.0,0.191
2024-07-17 14:13:40+00:00,btc_mxn,1149270.0,1151470.0,0.191
2024-07-17 14:13:41+00:00,btc_mxn,1149270.0,1151470.0,0.191
2024-07-17 14:13:42+00:00,btc_mxn,1149270.0,1151470.0,0.191
2024-07-17 14:13:43+00:00,btc_mxn,1149270.0,1151470.0,0.191
2024-07-17 14:13:44+00:00,btc_mxn,1149270.0,1151470.0,0.191
2024-07-17 14:13:45+00:00,btc_mxn,1149270.0,1151470.0,0.191
2024-07-17 14:13:46+00:00,btc_mxn,1149270.0,1151470.0,0.191
2024-07-17 14:13:47+00:00,btc_mxn,1149270.0,1151470.0,0.191
2024-07-17 14:13:48+00:00,btc_mxn,1149270.0,1151470.0,0.191
2024-07-17 14:13:49+00:00,btc_mxn,1149270.0,1151470.0,0.191
2024-07-17 14:13:50+00:00,btc_mxn,1149270.0,1151470.0,0.191
2024-07-17 14:13:51+00:00,btc_mxn,1149270.0,1151470.0,0.191
2024-07-17 14:13:53+00:00,btc_mxn,1149270.0,1151470.0,0.191
2024-07-17 14:13:54+00:00,btc_mxn,1149270.0,1151470.0,0.191
2024-07-17 14:13:55+00:00,btc_mxn,1149270.0,1151470.0,0.191
2024-07-17 14:13:56+00:00,btc_mxn,1149270.0,1151470.0,0.191
2024-07-17 14:13:57+00:00,btc_mxn,1149270.0,1151470.0,0.191
2024-07-17 14:13:58+00:00,btc_mxn,1149270.0,1151470.0,0.191
2024-07-17 14:13:59+00:00,btc_mxn,1149270.0,1151470.0,0.191
2024-07-17 14:14:00+00:00,btc_mxn,1149270.0,1151470.0,0.191
2024-07-17 14:14:01+00:00,btc_mxn,1149270.0,1151470.0,0.191
2024-07-17 14:14:02+00:00,btc_mxn,1149270.0,1151470.0,0.191
2024-07-17 14:14:03+00:00,btc_mxn,1149270.0,1151470.0,0.191
2024-07-17 14:14:04+00:00,btc_mxn,1149270.0,1151470.0,0.191
2024-07-17 14:14:05+00:00,btc_mxn,1149270.0,1151470.0,0.191
2024-07-17 14:14:06+00:00,btc_mxn,1149270.0,1151470.0,0.191
2024-07-17 14:14:07+00:00,btc_mxn,1149270.0,1151470.0,0.191
2024-07-17 14:14:08+00:00,btc_mxn,1149270.0,1151470.0,0.191
2024-07-17 14:14:09+00:00,btc_mxn,1149270.0,1151470.0,0.191
2024-07-17 14:14:10+00:00,btc_mxn,1149270.0,1151470.0,0.191
2024-07-17 14:14:11+00:00,btc_mxn,1149270.0,1151470.0,0.191
2024-07-17 14:14:12+00:00,btc_mxn,1149270.0,1151470.0,0.191
2024-07-17 14:14:13+00:00,btc_mxn,1149480.0,1151470.0,0.173
2024-07-17 14:14:14+00:00,btc_mxn,1149480.0,1151470.0,0.173
2024-07-17 14:14:15+00:00,btc_mxn,1149480.0,1151470.0,0.173
2024-07-17 14:14:16+00:00,btc_mxn,1149480.0,1151470.0,0.173
2024-07-17 14:14:17+00:00,btc_mxn,1149480.0,1151470.0,0.173
2024-07-17 14:14:18+00:00,btc_mxn,1149480.0,1151470.0,0.173
2024-07-17 14:14:19+00:00,btc_mxn,1149480.0,1151470.0,0.173
2024-07-17 14:14:20+00:00,btc_mxn,1149480.0,1151570.0,0.181
2024-07-17 14:14:21+00:00,btc_mxn,1149480.0,1151570.0,0.181
2024-07-17 14:14:22+00:00,btc_mxn,1149480.0,1151570.0,0.181
2024-07-17 14:14:23+00:00,btc_mxn,1149480.0,1151570.0,0.181
2024-07-17 14:14:24+00:00,btc_mxn,1149480.0,1151570.0,0.181
2024-07-17 14:14:25+00:00,btc_mxn,1149480.0,1151570.0,0.181
2024-07-17 14:14:26+00:00,btc_mxn,1149480.0,1151570.0,0.181
2024-07-17 14:14:27+00:00,btc_mxn,1149480.0,1151570.0,0.181
2024-07-17 14:14:28+00:00,btc_mxn,1149270.0,1151570.0,0.2
2024-07-17 14:14:29+00:00,btc_mxn,1149270.0,1151570.0,0.2
2024-07-17 14:14:30+00:00,btc_mxn,1149270.0,1151570.0,0.2
2024-07-17 14:14:31+00:00,btc_mxn,1149270.0,1151570.0,0.2
2024-07-17 14:14:32+00:00,btc_mxn,1149270.0,1151570.0,0.2
2024-07-17 14:14:33+00:00,btc_mxn,1149270.0,1151570.0,0.2
2024-07-17 14:14:34+00:00,btc_mxn,1149270.0,1151570.0,0.2
2024-07-17 14:14:35+00:00,btc_mxn,1149270.0,1151570.0,0.2
2024-07-17 14:14:36+00:00,btc_mxn,1149270.0,1151570.0,0.2
2024-07-17 14:14:37+00:00,btc_mxn,1148860.0,1151570.0,0.235
2024-07-17 14:14:38+00:00,btc_mxn,1149270.0,1151570.0,0.2
2024-07-17 14:14:39+00:00,btc_mxn,1149270.0,1151570.0,0.2
2024-07-17 14:14:40+00:00,btc_mxn,1149270.0,1151570.0,0.2
2024-07-17 14:14:41+00:00,btc_mxn,1149270.0,1151570.0,0.2
2024-07-17 14:14:42+00:00,btc_mxn,1149270.0,1151570.0,0.2
2024-07-17 14:14:43+00:00,btc_mxn,1149270.0,1151570.0,0.2
2024-07-17 14:14:44+00:00,btc_mxn,1149270.0,1151570.0,0.2
2024-07-17 14:14:45+00:00,btc_mxn,1149270.0,1151570.0,0.2
2024-07-17 14:14:46+00:00,btc_mxn,1149270.0,1151570.0,0.2
2024-07-17 14:14:47+00:00,btc_mxn,1149270.0,1151570.0,0.2
2024-07-17 14:14:48+00:00,btc_mxn,1149270.0,1151570.0,0.2
2024-07-17 14:14:49+00:00,btc_mxn,1149270.0,1151570.0,0.2
2024-07-17 14:14:50+00:00,btc_mxn,1149270.0,1151570.0,0.2
2024-07-17 14:14:51+00:00,btc_mxn,1149270.0,1151570.0,0.2
2024-07-17 14:14:52+00:00,btc_mxn,1149270.0,1151570.0,0.2
2024-07-17 14:14:53+00:00,btc_mxn,1149270.0,1151570.0,0.2
2024-07-17 14:14:54+00:00,btc_mxn,1149270.0,1151570.0,0.2
2024-07-17 14:14:55+00:00,btc_mxn,1149270.0,1151570.0,0.2
2024-07-17 14:14:56+00:00,btc_mxn,1149270.0,1151570.0,0.2
2024-07-17 14:14:57+00:00,btc_mxn,1149270.0,1151570.0,0.2
2024-07-17 14:14:58+00:00,btc_mxn,1149270.0,1151570.0,0.2
2024-07-17 14:14:59+00:00,btc_mxn,1149270.0,1151570.0,0.2
2024-07-17 14:15:00+00:00,btc_mxn,1149270.0,1151570.0,0.2
2024-07-17 14:15:01+00:00,btc_mxn,1149270.0,1151570.0,0.2
2024-07-17 14:15:02+00:00,btc_mxn,1149270.0,1151240.0,0.171
2024-07-17 14:15:04+00:00,btc_mxn,1149270.0,1151240.0,0.171
2024-07-17 14:15:05+00:00,btc_mxn,1149270.0,1151240.0,0.171
2024-07-17 14:15:06+00:00,btc_mxn,1149340.0,1151240.0,0.165
2024-07-17 14:15:07+00:00,btc_mxn,1149340.0,1151240.0,0.165
2024-07-17 14:15:08+00:00,btc_mxn,1149340.0,1151240.0,0.165
2024-07-17 14:15:09+00:00,btc_mxn,1149340.0,1151240.0,0.165
2024-07-17 14:15:10+00:00,btc_mxn,1149710.0,1151240.0,0.133
2024-07-17 14:15:12+00:00,btc_mxn,1149710.0,1151240.0,0.133
2024-07-17 14:15:13+00:00,btc_mxn,1149710.0,1151240.0,0.133
2024-07-17 14:15:14+00:00,btc_mxn,1149710.0,1151240.0,0.133
2024-07-17 14:15:15+00:00,btc_mxn,1149710.0,1151240.0,0.133
2024-07-17 14:15:16+00:00,btc_mxn,1149710.0,1151240.0,0.133
2024-07-17 14:15:17+00:00,btc_mxn,1149710.0,1151240.0,0.133
2024-07-17 14:15:18+00:00,btc_mxn,1149710.0,1151240.0,0.133
2024-07-17 14:15:19+00:00,btc_mxn,1149710.0,1151570.0,0.162
2024-07-17 14:15:20+00:00,btc_mxn,1149710.0,1151570.0,0.162
2024-07-17 14:15:21+00:00,btc_mxn,1149770.0,1151570.0,0.156
2024-07-17 14:15:22+00:00,btc_mxn,1149770.0,1151570.0,0.156
2024-07-17 14:15:23+00:00,btc_mxn,1149770.0,1151570.0,0.156
2024-07-17 14:15:24+00:00,btc_mxn,1150070.0,1151570.0,0.13
2024-07-17 14:15:25+00:00,btc_mxn,1150070.0,1151570.0,0.13
2024-07-17 14:15:26+00:00,btc_mxn,1150070.0,1151570.0,0.13
2024-07-17 14:15:27+00:00,btc_mxn,1150070.0,1151570.0,0.13
2024-07-17 14:15:28+00:00,btc_mxn,1150070.0,1151570.0,0.13
2024-07-17 14:15:29+00:00,btc_mxn,1150070.0,1151570.0,0.13
2024-07-17 14:15:30+00:00,btc_mxn,1150070.0,1151570.0,0.13
2024-07-17 14:15:31+00:00,btc_mxn,1150070.0,1151570.0,0.13
2024-07-17 14:15:32+00:00,btc_mxn,1150070.0,1151570.0,0.13
2024-07-17 14:15:33+00:00,btc_mxn,1150070.0,1151570.0,0.13
2024-07-17 14:15:34+00:00,btc_mxn,1150070.0,1151570.0,0.13
2024-07-17 14:15:35+00:00,btc_mxn,1149770.0,1151570.0,0.156
2024-07-17 14:15:36+00:00,btc_mxn,1149770.0,1151570.0,0.156
2024-07-17 14:15:37+00:00,btc_mxn,1149770.0,1151570.0,0.156
2024-07-17 14:15:38+00:00,btc_mxn,1149770.0,1151570.0,0.156
2024-07-17 14:15:39+00:00,btc_mxn,1149770.0,1151570.0,0.156
2024-07-17 14:15:40+00:00,btc_mxn,1149770.0,1151570.0,0.156
2024-07-17 14:15:41+00:00,btc_mxn,1149770.0,1151570.0,0.156
2024-07-17 14:15:42+00:00,btc_mxn,1149770.0,1151570.0,0.156
2024-07-17 14:15:43+00:00,btc_mxn,1149770.0,1151570.0,0.156
2024-07-17 14:15:44+00:00,btc_mxn,1149770.0,1151570.0,0.156
2024-07-17 14:15:45+00:00,btc_mxn,1149770.0,1151570.0,0.156
2024-07-17 14:15:46+00:00,btc_mxn,1149770.0,1151570.0,0.156
2024-07-17 14:15:47+00:00,btc_mxn,1149770.0,1151570.0,0.156
2024-07-17 14:15:48+00:00,btc_mxn,1149770.0,1151570.0,0.156
2024-07-17 14:15:49+00:00,btc_mxn,1149770.0,1151570.0,0.156
2024-07-17 14:15:50+00:00,btc_mxn,1149770.0,1151570.0,0.156
2024-07-17 14:15:51+00:00,btc_mxn,1149770.0,1151570.0,0.156
2024-07-17 14:15:52+00:00,btc_mxn,1149770.0,1151570.0,0.156
2024-07-17 14:15:53+00:00,btc_mxn,1149770.0,1151570.0,0.156
2024-07-17 14:15:54+00:00,btc_mxn,1149770.0,1151570.0,0.156
2024-07-17 14:15:55+00:00,btc_mxn,1149770.0,1151570.0,0.156
2024-07-17 14:15:56+00:00,btc_mxn,1149770.0,1151570.0,0.156
2024-07-17 14:15:57+00:00,btc_mxn,1149770.0,1151570.0,0.156
2024-07-17 14:15:58+00:00,btc_mxn,1149770.0,1151570.0,0.156
2024-07-17 14:15:59+00:00,btc_mxn,1150130.0,1151570.0,0.125
2024-07-17 14:16:00+00:00,btc_mxn,1150130.0,1151570.0,0.125
2024-07-17 14:16:01+00:00,btc_mxn,1150250.0,1151570.0,0.115
2024-07-17 14:16:02+00:00,btc_mxn,1150250.0,1151570.0,0.115
2024-07-17 14:16:03+00:00,btc_mxn,1150340.0,1151570.0,0.107
2024-07-17 14:16:04+00:00,btc_mxn,1150380.0,1151670.0,0.112
2024-07-17 14:16:05+00:00,btc_mxn,1150380.0,1151670.0,0.112
2024-07-17 14:16:06+00:00,btc_mxn,1150440.0,1151670.0,0.107
2024-07-17 14:16:07+00:00,btc_mxn,1150440.0,1151670.0,0.107
2024-07-17 14:16:09+00:00,btc_mxn,1150440.0,1151670.0,0.107
2024-07-17 14:16:10+00:00,btc_mxn,1150460.0,1151670.0,0.105
2024-07-17 14:16:11+00:00,btc_mxn,1150460.0,1151670.0,0.105
2024-07-17 14:16:12+00:00,btc_mxn,1150460.0,1151670.0,0.105
2024-07-17 14:16:13+00:00,btc_mxn,1150460.0,1151670.0,0.105
2024-07-17 14:16:14+00:00,btc_mxn,1150460.0,1151670.0,0.105
2024-07-17 14:16:15+00:00,btc_mxn,1150460.0,1151670.0,0.105
2024-07-17 14:16:17+00:00,btc_mxn,1150460.0,1151670.0,0.105
2024-07-17 14:16:18+00:00,btc_mxn,1150460.0,1151670.0,0.105
2024-07-17 14:16:19+00:00,btc_mxn,1150460.0,1151670.0,0.105
2024-07-17 14:16:20+00:00,btc_mxn,1150340.0,1151670.0,0.115
2024-07-17 14:16:21+00:00,btc_mxn,1150340.0,1151670.0,0.115
2024-07-17 14:16:22+00:00,btc_mxn,1150340.0,1151670.0,0.115
2024-07-17 14:16:23+00:00,btc_mxn,1150340.0,1151670.0,0.115
2024-07-17 14:16:24+00:00,btc_mxn,1150340.0,1151670.0,0.115
2024-07-17 14:16:25+00:00,btc_mxn,1150340.0,1151670.0,0.115
2024-07-17 14:16:26+00:00,btc_mxn,1150340.0,1151670.0,0.115
2024-07-17 14:16:27+00:00,btc_mxn,1150340.0,1151670.0,0.115
2024-07-17 14:16:28+00:00,btc_mxn,1150750.0,1151670.0,0.08
2024-07-17 14:16:29+00:00,btc_mxn,1150750.0,1151670.0,0.08
2024-07-17 14:16:30+00:00,btc_mxn,1150750.0,1151670.0,0.08
2024-07-17 14:16:31+00:00,btc_mxn,1150750.0,1151670.0,0.08
2024-07-17 14:16:32+00:00,btc_mxn,1150750.0,1151670.0,0.08
2024-07-17 14:16:33+00:00,btc_mxn,1150750.0,1151670.0,0.08
2024-07-17 14:16:34+00:00,btc_mxn,1150770.0,1151670.0,0.078
2024-07-17 14:16:35+00:00,btc_mxn,1150770.0,1151670.0,0.078
2024-07-17 14:16:36+00:00,btc_mxn,1150770.0,1151670.0,0.078
2024-07-17 14:16:37+00:00,btc_mxn,1150770.0,1151670.0,0.078
2024-07-17 14:16:38+00:00,btc_mxn,1150770.0,1151670.0,0.078
2024-07-17 14:16:39+00:00,btc_mxn,1150770.0,1151670.0,0.078
2024-07-17 14:16:40+00:00,btc_mxn,1150770.0,1151670.0,0.078
2024-07-17 14:16:41+00:00,btc_mxn,1150770.0,1151670.0,0.078
2024-07-17 14:16:42+00:00,btc_mxn,1150770.0,1151670.0,0.078
2024-07-17 14:16:43+00:00,btc_mxn,1150770.0,1151670.0,0.078
2024-07-17 14:16:44+00:00,btc_mxn,1150770.0,1151670.0,0.078
2024-07-17 14:16:45+00:00,btc_mxn,1150770.0,1151670.0,0.078
2024-07-17 14:16:46+00:00,btc_mxn,1150770.0,1151670.0,0.078
2024-07-17 14:16:47+00:00,btc_mxn,1150770.0,1151670.0,0.078
2024-07-17 14:16:48+00:00,btc_mxn,1150770.0,1151670.0,0.078
2024-07-17 14:16:49+00:00,btc_mxn,1150770.0,1151670.0,0.078
2024-07-17 14:16:50+00:00,btc_mxn,1150770.0,1151670.0,0.078
2024-07-17 14:16:51+00:00,btc_mxn,1150770.0,1151670.0,0.078
2024-07-17 14:16:52+00:00,btc_mxn,1150770.0,1151670.0,0.078
2024-07-17 14:16:53+00:00,btc_mxn,1150770.0,1151670.0,0.078
2024-07-17 14:16:54+00:00,btc_mxn,1150770.0,1151670.0,0.078
2024-07-17 14:16:55+00:00,btc_mxn,1150770.0,1151670.0,0.078
2024-07-17 14:16:56+00:00,btc_mxn,1150770.0,1151670.0,0.078
2024-07-17 14:16:57+00:00,btc_mxn,1150770.0,1151670.0,0.078
2024-07-17 14:16:58+00:00,btc_mxn,1150770.0,1151670.0,0.078
2024-07-17 14:16:59+00:00,btc_mxn,1150770.0,1151670.0,0.078
2024-07-17 14:17:00+00:00,btc_mxn,1150770.0,1151670.0,0.078
2024-07-17 14:17:01+00:00,btc_mxn,1150770.0,1151670.0,0.078
