orderbook_timestamp,book,bid,ask,spread
2024-07-17 20:40:53+00:00,btc_mxn,1142939.98,1142940.02,0.0
2024-07-17 20:40:53+00:00,btc_mxn,1142939.98,1142940.02,0.0
2024-07-17 20:40:55+00:00,btc_mxn,1142939.98,1142940.02,0.0
2024-07-17 20:40:56+00:00,btc_mxn,1142939.98,1142940.02,0.0
2024-07-17 20:40:58+00:00,btc_mxn,1142939.98,1142940.02,0.0
2024-07-17 20:40:58+00:00,btc_mxn,1142939.98,1142940.02,0.0
2024-07-17 20:40:59+00:00,btc_mxn,1142939.98,1142940.02,0.0
2024-07-17 20:41:00+00:00,btc_mxn,1142939.98,1142940.02,0.0
2024-07-17 20:41:01+00:00,btc_mxn,1142939.98,1142940.02,0.0
2024-07-17 20:41:02+00:00,btc_mxn,1142939.98,1142940.02,0.0
2024-07-17 20:41:03+00:00,btc_mxn,1142939.98,1142940.02,0.0
2024-07-17 20:41:04+00:00,btc_mxn,1142939.98,1142940.02,0.0
2024-07-17 20:41:05+00:00,btc_mxn,1142939.98,1142940.02,0.0
2024-07-17 20:41:06+00:00,btc_mxn,1142939.98,1142940.02,0.0
2024-07-17 20:41:07+00:00,btc_mxn,1142939.98,1142940.02,0.0
2024-07-17 20:41:08+00:00,btc_mxn,1142939.98,1142940.02,0.0
2024-07-17 20:41:09+00:00,btc_mxn,1142939.98,1142940.02,0.0
2024-07-17 20:41:10+00:00,btc_mxn,1142939.98,1142940.02,0.0
2024-07-17 20:41:11+00:00,btc_mxn,1142939.98,1142940.02,0.0
2024-07-17 20:41:12+00:00,btc_mxn,1142939.98,1142940.02,0.0
2024-07-17 20:41:13+00:00,btc_mxn,1142939.98,1142940.02,0.0
2024-07-17 20:41:14+00:00,btc_mxn,1142939.98,1142940.02,0.0
2024-07-17 20:41:16+00:00,btc_mxn,1142939.98,1142940.02,0.0
2024-07-17 20:41:17+00:00,btc_mxn,1142939.98,1142940.02,0.0
2024-07-17 20:41:18+00:00,btc_mxn,1142939.98,1142940.02,0.0
2024-07-17 20:41:19+00:00,btc_mxn,1142939.98,1142940.02,0.0
2024-07-17 20:41:20+00:00,btc_mxn,1142939.98,1142940.02,0.0
2024-07-17 20:41:21+00:00,btc_mxn,1142939.98,1142940.02,0.0
2024-07-17 20:41:22+00:00,btc_mxn,1142939.98,1142940.02,0.0
2024-07-17 20:41:23+00:00,btc_mxn,1142939.98,1142940.02,0.0
2024-07-17 20:41:24+00:00,btc_mxn,1142939.98,1142940.02,0.0
2024-07-17 20:41:25+00:00,btc_mxn,1142939.98,1142940.02,0.0
2024-07-17 20:41:26+00:00,btc_mxn,1142939.98,1142940.02,0.0
2024-07-17 20:41:27+00:00,btc_mxn,1142939.98,1142940.02,0.0
2024-07-17 20:41:28+00:00,btc_mxn,1142939.98,1142940.02,0.0
2024-07-17 20:41:29+00:00,btc_mxn,1142939.98,1142940.02,0.0
2024-07-17 20:41:30+00:00,btc_mxn,1142939.98,1142940.02,0.0
2024-07-17 20:41:31+00:00,btc_mxn,1142939.98,1142940.02,0.0
2024-07-17 20:41:32+00:00,btc_mxn,1142939.98,1142940.02,0.0
2024-07-17 20:41:33+00:00,btc_mxn,1142939.98,1142940.02,0.0
2024-07-17 20:41:34+00:00,btc_mxn,1142939.98,1142940.02,0.0
2024-07-17 20:41:35+00:00,btc_mxn,1142939.98,1142940.02,0.0
2024-07-17 20:41:36+00:00,btc_mxn,1142939.98,1142940.02,0.0
2024-07-17 20:41:37+00:00,btc_mxn,1142939.98,1142940.02,0.0
2024-07-17 20:41:38+00:00,btc_mxn,1142939.98,1142940.02,0.0
2024-07-17 20:41:39+00:00,btc_mxn,1142939.98,1142940.02,0.0
2024-07-17 20:41:40+00:00,btc_mxn,1142939.98,1142940.02,0.0
2024-07-17 20:41:41+00:00,btc_mxn,1142939.98,1142940.02,0.0
2024-07-17 20:41:42+00:00,btc_mxn,1142939.98,1142940.02,0.0
2024-07-17 20:41:43+00:00,btc_mxn,1142939.98,1142940.02,0.0
2024-07-17 20:41:44+00:00,btc_mxn,1142939.98,1142940.02,0.0
2024-07-17 20:41:45+00:00,btc_mxn,1142939.98,1142940.02,0.0
2024-07-17 20:41:46+00:00,btc_mxn,1142939.98,1142940.02,0.0
2024-07-17 20:41:47+00:00,btc_mxn,1142939.98,1142940.02,0.0
2024-07-17 20:41:48+00:00,btc_mxn,1142939.98,1142940.02,0.0
2024-07-17 20:41:49+00:00,btc_mxn,1142939.98,1142940.02,0.0
2024-07-17 20:41:50+00:00,btc_mxn,1142939.98,1142940.02,0.0
2024-07-17 20:41:51+00:00,btc_mxn,1142939.98,1142940.02,0.0
2024-07-17 20:41:52+00:00,btc_mxn,1142939.98,1142940.02,0.0
2024-07-17 20:41:53+00:00,btc_mxn,1142939.98,1142940.02,0.0
2024-07-17 20:41:54+00:00,btc_mxn,1142939.98,1142940.02,0.0
2024-07-17 20:41:55+00:00,btc_mxn,1142939.98,1142940.02,0.0
2024-07-17 20:41:56+00:00,btc_mxn,1142939.98,1142940.02,0.0
2024-07-17 20:41:57+00:00,btc_mxn,1142939.98,1142940.02,0.0
2024-07-17 20:41:58+00:00,btc_mxn,1142939.98,1142940.02,0.0
2024-07-17 20:41:59+00:00,btc_mxn,1142939.98,1142940.02,0.0
2024-07-17 20:42:00+00:00,btc_mxn,1142939.98,1142940.02,0.0
2024-07-17 20:42:01+00:00,btc_mxn,1142939.98,1142940.02,0.0
2024-07-17 20:42:02+00:00,btc_mxn,1142939.98,1142940.02,0.0
2024-07-17 20:42:03+00:00,btc_mxn,1142939.98,1142940.02,0.0
2024-07-17 20:42:04+00:00,btc_mxn,1142939.98,1142940.02,0.0
2024-07-17 20:42:05+00:00,btc_mxn,1142939.98,1142940.02,0.0
2024-07-17 20:42:06+00:00,btc_mxn,1142939.98,1142940.02,0.0
2024-07-17 20:42:07+00:00,btc_mxn,1142939.98,1142940.02,0.0
2024-07-17 20:42:08+00:00,btc_mxn,1142939.98,1142940.02,0.0
2024-07-17 20:42:09+00:00,btc_mxn,1142939.98,1142940.02,0.0
2024-07-17 20:42:10+00:00,btc_mxn,1142939.98,1142940.02,0.0
2024-07-17 20:42:11+00:00,btc_mxn,1142939.98,1142940.02,0.0
2024-07-17 20:42:12+00:00,btc_mxn,1142939.98,1142940.02,0.0
2024-07-17 20:42:13+00:00,btc_mxn,1142939.98,1142940.02,0.0
2024-07-17 20:42:14+00:00,btc_mxn,1142939.98,1142940.02,0.0
2024-07-17 20:42:15+00:00,btc_mxn,1142939.98,1142940.02,0.0
2024-07-17 20:42:16+00:00,btc_mxn,1142939.98,1142940.02,0.0
2024-07-17 20:42:17+00:00,btc_mxn,1142939.98,1142940.02,0.0
2024-07-17 20:42:18+00:00,btc_mxn,1142939.98,1142940.02,0.0
2024-07-17 20:42:19+00:00,btc_mxn,1142939.98,1142940.02,0.0
2024-07-17 20:42:20+00:00,btc_mxn,1142939.98,1142940.02,0.0
2024-07-17 20:42:21+00:00,btc_mxn,1142939.98,1142940.02,0.0
2024-07-17 20:42:22+00:00,btc_mxn,1142939.98,1142940.02,0.0
2024-07-17 20:42:23+00:00,btc_mxn,1142939.98,1142940.02,0.0
2024-07-17 20:42:24+00:00,btc_mxn,1142939.98,1142940.02,0.0
2024-07-17 20:42:25+00:00,btc_mxn,1142939.98,1142940.02,0.0
2024-07-17 20:42:26+00:00,btc_mxn,1142939.98,1142940.02,0.0
2024-07-17 20:42:27+00:00,btc_mxn,1142939.98,1142940.02,0.0
2024-07-17 20:42:28+00:00,btc_mxn,1142939.98,1142940.02,0.0
2024-07-17 20:42:29+00:00,btc_mxn,1142939.98,1142940.02,0.0
2024-07-17 20:42:31+00:00,btc_mxn,1142939.98,1142940.02,0.0
2024-07-17 20:42:32+00:00,btc_mxn,1142939.98,1142940.02,0.0
2024-07-17 20:42:33+00:00,btc_mxn,1142939.98,1142940.02,0.0
2024-07-17 20:42:34+00:00,btc_mxn,1142939.98,1142940.02,0.0
2024-07-17 20:42:35+00:00,btc_mxn,1142939.98,1142940.02,0.0
2024-07-17 20:42:36+00:00,btc_mxn,1142939.98,1142940.02,0.0
2024-07-17 20:42:37+00:00,btc_mxn,1142939.98,1142940.02,0.0
2024-07-17 20:42:38+00:00,btc_mxn,1142939.98,1142940.02,0.0
2024-07-17 20:42:39+00:00,btc_mxn,1142939.98,1142940.02,0.0
2024-07-17 20:42:40+00:00,btc_mxn,1142939.98,1142940.02,0.0
2024-07-17 20:42:41+00:00,btc_mxn,1142939.98,1142940.02,0.0
2024-07-17 20:42:42+00:00,btc_mxn,1142939.98,1142940.02,0.0
2024-07-17 20:42:43+00:00,btc_mxn,1142939.98,1142940.02,0.0
2024-07-17 20:42:44+00:00,btc_mxn,1142939.98,1142940.02,0.0
2024-07-17 20:42:45+00:00,btc_mxn,1142939.98,1142940.02,0.0
2024-07-17 20:42:46+00:00,btc_mxn,1142939.98,1142940.02,0.0
2024-07-17 20:42:47+00:00,btc_mxn,1142939.98,1142940.02,0.0
2024-07-17 20:42:48+00:00,btc_mxn,1142939.98,1142940.02,0.0
2024-07-17 20:42:49+00:00,btc_mxn,1142939.98,1142940.02,0.0
2024-07-17 20:42:50+00:00,btc_mxn,1142939.98,1142940.02,0.0
2024-07-17 20:42:51+00:00,btc_mxn,1142939.98,1142940.02,0.0
2024-07-17 20:42:52+00:00,btc_mxn,1142939.98,1142940.02,0.0
2024-07-17 20:42:53+00:00,btc_mxn,1142939.98,1142940.02,0.0
2024-07-17 20:42:54+00:00,btc_mxn,1142939.98,1142940.02,0.0
2024-07-17 20:42:55+00:00,btc_mxn,1142939.98,1142940.02,0.0
2024-07-17 20:42:56+00:00,btc_mxn,1142939.98,1142940.02,0.0
2024-07-17 20:42:57+00:00,btc_mxn,1142939.98,1142940.02,0.0
2024-07-17 20:42:58+00:00,btc_mxn,1142939.98,1142940.02,0.0
2024-07-17 20:42:59+00:00,btc_mxn,1142939.98,1142940.02,0.0
2024-07-17 20:43:00+00:00,btc_mxn,1142939.98,1142940.02,0.0
2024-07-17 20:43:01+00:00,btc_mxn,1142939.98,1142940.02,0.0
2024-07-17 20:43:02+00:00,btc_mxn,1142939.98,1142940.02,0.0
2024-07-17 20:43:03+00:00,btc_mxn,1142939.98,1142940.02,0.0
2024-07-17 20:43:04+00:00,btc_mxn,1142939.98,1142940.02,0.0
2024-07-17 20:43:05+00:00,btc_mxn,1142939.98,1142940.02,0.0
2024-07-17 20:43:06+00:00,btc_mxn,1142939.98,1142940.02,0.0
2024-07-17 20:43:07+00:00,btc_mxn,1142939.98,1142940.02,0.0
2024-07-17 20:43:08+00:00,btc_mxn,1142939.98,1142940.02,0.0
2024-07-17 20:43:09+00:00,btc_mxn,1142939.98,1142940.02,0.0
2024-07-17 20:43:10+00:00,btc_mxn,1142939.98,1142940.02,0.0
2024-07-17 20:43:11+00:00,btc_mxn,1142939.98,1142940.02,0.0
2024-07-17 20:43:13+00:00,btc_mxn,1142939.98,1142940.02,0.0
2024-07-17 20:43:13+00:00,btc_mxn,1142939.98,1142940.02,0.0
2024-07-17 20:43:14+00:00,btc_mxn,1142939.98,1142940.02,0.0
2024-07-17 20:43:15+00:00,btc_mxn,1142939.98,1142940.02,0.0
2024-07-17 20:43:16+00:00,btc_mxn,1142939.98,1142940.02,0.0
2024-07-17 20:43:17+00:00,btc_mxn,1142939.98,1142940.02,0.0
2024-07-17 20:43:18+00:00,btc_mxn,1142939.98,1142940.02,0.0
2024-07-17 20:43:19+00:00,btc_mxn,1142939.98,1142940.02,0.0
2024-07-17 20:43:20+00:00,btc_mxn,1142939.98,1142940.02,0.0
2024-07-17 20:43:21+00:00,btc_mxn,1142939.98,1142940.02,0.0
2024-07-17 20:43:22+00:00,btc_mxn,1142939.98,1142940.02,0.0
2024-07-17 20:43:23+00:00,btc_mxn,1142939.98,1142940.02,0.0
2024-07-17 20:43:24+00:00,btc_mxn,1142939.98,1142940.02,0.0
2024-07-17 20:43:25+00:00,btc_mxn,1142939.98,1142940.02,0.0
2024-07-17 20:43:26+00:00,btc_mxn,1142939.98,1142940.02,0.0
2024-07-17 20:43:28+00:00,btc_mxn,1142939.98,1142940.02,0.0
2024-07-17 20:43:29+00:00,btc_mxn,1142939.98,1142940.02,0.0
2024-07-17 20:43:30+00:00,btc_mxn,1142939.98,1142940.02,0.0
2024-07-17 20:43:31+00:00,btc_mxn,1142939.98,1142940.02,0.0
2024-07-17 20:43:32+00:00,btc_mxn,1142939.98,1142940.02,0.0
2024-07-17 20:43:33+00:00,btc_mxn,1142939.98,1142940.02,0.0
2024-07-17 20:43:34+00:00,btc_mxn,1142939.98,1142940.02,0.0
2024-07-17 20:43:35+00:00,btc_mxn,1142939.98,1142940.02,0.0
2024-07-17 20:43:36+00:00,btc_mxn,1142939.98,1142940.02,0.0
2024-07-17 20:43:37+00:00,btc_mxn,1142939.98,1142940.02,0.0
2024-07-17 20:43:38+00:00,btc_mxn,1142939.98,1142940.02,0.0
2024-07-17 20:43:39+00:00,btc_mxn,1142939.98,1142940.02,0.0
2024-07-17 20:43:40+00:00,btc_mxn,1142939.98,1142940.02,0.0
2024-07-17 20:43:41+00:00,btc_mxn,1142939.98,1142940.02,0.0
2024-07-17 20:43:42+00:00,btc_mxn,1142939.98,1142940.02,0.0
2024-07-17 20:43:43+00:00,btc_mxn,1141480.0,1142570.0,0.095
2024-07-17 20:43:44+00:00,btc_mxn,1141480.0,1142460.0,0.086
2024-07-17 20:43:45+00:00,btc_mxn,1141480.0,1142450.0,0.085
2024-07-17 20:43:46+00:00,btc_mxn,1141480.0,1142450.0,0.085
2024-07-17 20:43:48+00:00,btc_mxn,1141480.0,1142450.0,0.085
2024-07-17 20:43:49+00:00,btc_mxn,1141480.0,1142270.0,0.069
2024-07-17 20:43:50+00:00,btc_mxn,1141480.0,1142270.0,0.069
2024-07-17 20:43:51+00:00,btc_mxn,1141480.0,1142270.0,0.069
2024-07-17 20:43:52+00:00,btc_mxn,1141480.0,1142270.0,0.069
2024-07-17 20:43:53+00:00,btc_mxn,1141480.0,1142270.0,0.069
2024-07-17 20:43:54+00:00,btc_mxn,1141480.0,1142270.0,0.069
2024-07-17 20:43:55+00:00,btc_mxn,1141480.0,1142270.0,0.069
2024-07-17 20:43:56+00:00,btc_mxn,1141480.0,1142270.0,0.069
2024-07-17 20:43:57+00:00,btc_mxn,1141480.0,1142270.0,0.069
2024-07-17 20:43:59+00:00,btc_mxn,1141480.0,1142270.0,0.069
2024-07-17 20:44:00+00:00,btc_mxn,1141480.0,1142270.0,0.069
2024-07-17 20:44:01+00:00,btc_mxn,1141480.0,1142270.0,0.069
2024-07-17 20:44:02+00:00,btc_mxn,1141480.0,1142270.0,0.069
2024-07-17 20:44:04+00:00,btc_mxn,1141480.0,1142270.0,0.069
2024-07-17 20:44:05+00:00,btc_mxn,1141480.0,1142270.0,0.069
2024-07-17 20:44:06+00:00,btc_mxn,1141480.0,1142270.0,0.069
2024-07-17 20:44:07+00:00,btc_mxn,1141480.0,1142270.0,0.069
2024-07-17 20:44:08+00:00,btc_mxn,1141480.0,1142270.0,0.069
2024-07-17 20:44:09+00:00,btc_mxn,1141480.0,1142460.0,0.086
2024-07-17 20:44:10+00:00,btc_mxn,1141480.0,1142460.0,0.086
2024-07-17 20:44:11+00:00,btc_mxn,1141480.0,1142460.0,0.086
2024-07-17 20:44:12+00:00,btc_mxn,1141480.0,1142460.0,0.086
2024-07-17 20:44:13+00:00,btc_mxn,1141480.0,1142460.0,0.086
2024-07-17 20:44:14+00:00,btc_mxn,1141480.0,1142460.0,0.086
2024-07-17 20:44:15+00:00,btc_mxn,1141480.0,1142460.0,0.086
2024-07-17 20:44:16+00:00,btc_mxn,1141480.0,1142460.0,0.086
2024-07-17 20:44:17+00:00,btc_mxn,1141480.0,1142460.0,0.086
2024-07-17 20:44:18+00:00,btc_mxn,1141480.0,1142460.0,0.086
2024-07-17 20:44:19+00:00,btc_mxn,1141480.0,1142460.0,0.086
2024-07-17 20:44:20+00:00,btc_mxn,1141480.0,1142460.0,0.086
2024-07-17 20:44:21+00:00,btc_mxn,1141480.0,1142460.0,0.086
2024-07-17 20:44:22+00:00,btc_mxn,1141480.0,1142460.0,0.086
2024-07-17 20:44:23+00:00,btc_mxn,1141480.0,1142460.0,0.086
2024-07-17 20:44:24+00:00,btc_mxn,1141480.0,1142460.0,0.086
2024-07-17 20:44:25+00:00,btc_mxn,1141480.0,1142460.0,0.086
2024-07-17 20:44:26+00:00,btc_mxn,1141480.0,1142460.0,0.086
2024-07-17 20:44:27+00:00,btc_mxn,1141480.0,1142460.0,0.086
2024-07-17 20:44:28+00:00,btc_mxn,1141480.0,1142460.0,0.086
2024-07-17 20:44:29+00:00,btc_mxn,1141480.0,1142460.0,0.086
2024-07-17 20:44:30+00:00,btc_mxn,1141480.0,1142460.0,0.086
2024-07-17 20:44:31+00:00,btc_mxn,1141480.0,1142460.0,0.086
2024-07-17 20:44:32+00:00,btc_mxn,1141480.0,1142460.0,0.086
2024-07-17 20:44:33+00:00,btc_mxn,1141480.0,1142460.0,0.086
2024-07-17 20:44:34+00:00,btc_mxn,1141480.0,1142460.0,0.086
2024-07-17 20:44:35+00:00,btc_mxn,1141480.0,1142460.0,0.086
2024-07-17 20:44:36+00:00,btc_mxn,1141480.0,1142460.0,0.086
2024-07-17 20:44:37+00:00,btc_mxn,1141480.0,1142460.0,0.086
2024-07-17 20:44:38+00:00,btc_mxn,1141480.0,1142460.0,0.086
2024-07-17 20:44:40+00:00,btc_mxn,1141480.0,1142460.0,0.086
2024-07-17 20:44:41+00:00,btc_mxn,1141480.0,1142460.0,0.086
2024-07-17 20:44:42+00:00,btc_mxn,1141480.0,1142460.0,0.086
2024-07-17 20:44:43+00:00,btc_mxn,1141480.0,1142460.0,0.086
2024-07-17 20:44:44+00:00,btc_mxn,1141480.0,1142460.0,0.086
2024-07-17 20:44:45+00:00,btc_mxn,1141480.0,1142460.0,0.086
2024-07-17 20:44:46+00:00,btc_mxn,1141480.0,1142460.0,0.086
2024-07-17 20:44:47+00:00,btc_mxn,1141480.0,1142460.0,0.086
2024-07-17 20:44:48+00:00,btc_mxn,1141480.0,1142460.0,0.086
2024-07-17 20:44:49+00:00,btc_mxn,1141480.0,1142460.0,0.086
2024-07-17 20:44:50+00:00,btc_mxn,1141480.0,1142460.0,0.086
2024-07-17 20:44:51+00:00,btc_mxn,1141480.0,1142460.0,0.086
2024-07-17 20:44:52+00:00,btc_mxn,1141480.0,1142460.0,0.086
2024-07-17 20:44:53+00:00,btc_mxn,1141480.0,1142460.0,0.086
2024-07-17 20:44:54+00:00,btc_mxn,1141480.0,1142460.0,0.086
2024-07-17 20:44:55+00:00,btc_mxn,1141480.0,1142460.0,0.086
2024-07-17 20:44:56+00:00,btc_mxn,1141480.0,1142460.0,0.086
2024-07-17 20:44:57+00:00,btc_mxn,1141480.0,1142460.0,0.086
2024-07-17 20:44:58+00:00,btc_mxn,1141480.0,1142460.0,0.086
2024-07-17 20:44:59+00:00,btc_mxn,1141480.0,1142460.0,0.086
2024-07-17 20:45:00+00:00,btc_mxn,1141480.0,1142460.0,0.086
2024-07-17 20:45:01+00:00,btc_mxn,1141480.0,1142460.0,0.086
2024-07-17 20:45:02+00:00,btc_mxn,1141480.0,1142460.0,0.086
2024-07-17 20:45:03+00:00,btc_mxn,1141480.0,1142460.0,0.086
2024-07-17 20:45:04+00:00,btc_mxn,1141480.0,1142460.0,0.086
2024-07-17 20:45:05+00:00,btc_mxn,1141480.0,1142460.0,0.086
2024-07-17 20:45:06+00:00,btc_mxn,1141480.0,1142460.0,0.086
2024-07-17 20:45:07+00:00,btc_mxn,1141480.0,1142460.0,0.086
2024-07-17 20:45:08+00:00,btc_mxn,1141480.0,1142460.0,0.086
2024-07-17 20:45:09+00:00,btc_mxn,1141480.0,1142460.0,0.086
2024-07-17 20:45:10+00:00,btc_mxn,1141480.0,1142460.0,0.086
2024-07-17 20:45:11+00:00,btc_mxn,1141480.0,1142460.0,0.086
2024-07-17 20:45:12+00:00,btc_mxn,1141480.0,1142460.0,0.086
2024-07-17 20:45:13+00:00,btc_mxn,1141480.0,1142460.0,0.086
2024-07-17 20:45:14+00:00,btc_mxn,1141480.0,1142460.0,0.086
2024-07-17 20:45:15+00:00,btc_mxn,1141480.0,1142460.0,0.086
2024-07-17 20:45:16+00:00,btc_mxn,1141480.0,1142460.0,0.086
2024-07-17 20:45:17+00:00,btc_mxn,1141480.0,1142460.0,0.086
2024-07-17 20:45:18+00:00,btc_mxn,1141480.0,1142460.0,0.086
2024-07-17 20:45:19+00:00,btc_mxn,1141480.0,1142460.0,0.086
2024-07-17 20:45:20+00:00,btc_mxn,1141480.0,1142460.0,0.086
2024-07-17 20:45:21+00:00,btc_mxn,1141480.0,1142460.0,0.086
2024-07-17 20:45:22+00:00,btc_mxn,1141480.0,1142460.0,0.086
2024-07-17 20:45:23+00:00,btc_mxn,1141480.0,1142460.0,0.086
2024-07-17 20:45:24+00:00,btc_mxn,1141480.0,1142460.0,0.086
2024-07-17 20:45:25+00:00,btc_mxn,1141480.0,1142460.0,0.086
2024-07-17 20:45:26+00:00,btc_mxn,1141480.0,1142460.0,0.086
2024-07-17 20:45:27+00:00,btc_mxn,1141480.0,1142460.0,0.086
2024-07-17 20:45:28+00:00,btc_mxn,1141480.0,1142460.0,0.086
2024-07-17 20:45:29+00:00,btc_mxn,1141480.0,1142460.0,0.086
2024-07-17 20:45:30+00:00,btc_mxn,1141480.0,1142460.0,0.086
2024-07-17 20:45:31+00:00,btc_mxn,1141480.0,1142460.0,0.086
2024-07-17 20:45:32+00:00,btc_mxn,1141480.0,1142460.0,0.086
2024-07-17 20:45:33+00:00,btc_mxn,1141480.0,1142460.0,0.086
2024-07-17 20:45:34+00:00,btc_mxn,1141480.0,1142460.0,0.086
2024-07-17 20:45:35+00:00,btc_mxn,1141480.0,1142460.0,0.086
2024-07-17 20:45:36+00:00,btc_mxn,1141480.0,1142460.0,0.086
2024-07-17 20:45:37+00:00,btc_mxn,1141480.0,1142460.0,0.086
2024-07-17 20:45:38+00:00,btc_mxn,1141480.0,1142460.0,0.086
2024-07-17 20:45:39+00:00,btc_mxn,1141480.0,1142460.0,0.086
2024-07-17 20:45:40+00:00,btc_mxn,1141480.0,1142460.0,0.086
2024-07-17 20:45:41+00:00,btc_mxn,1141480.0,1142460.0,0.086
2024-07-17 20:45:42+00:00,btc_mxn,1141190.0,1140800.02,-0.034
2024-07-17 20:45:43+00:00,btc_mxn,1140799.98,1140800.02,0.0
2024-07-17 20:45:44+00:00,btc_mxn,1140799.98,1140800.02,0.0
2024-07-17 20:45:45+00:00,btc_mxn,1140799.98,1140800.02,0.0
2024-07-17 20:45:46+00:00,btc_mxn,1140799.98,1140800.02,0.0
2024-07-17 20:45:47+00:00,btc_mxn,1140799.98,1140800.02,0.0
2024-07-17 20:45:48+00:00,btc_mxn,1140799.98,1140800.02,0.0
2024-07-17 20:45:49+00:00,btc_mxn,1140799.98,1140800.02,0.0
2024-07-17 20:45:50+00:00,btc_mxn,1140799.98,1140800.02,0.0
2024-07-17 20:45:51+00:00,btc_mxn,1140799.98,1140800.02,0.0
2024-07-17 20:45:52+00:00,btc_mxn,1140799.98,1140800.02,0.0
2024-07-17 20:45:53+00:00,btc_mxn,1140799.98,1140800.02,0.0
2024-07-17 20:45:54+00:00,btc_mxn,1140799.98,1140800.02,0.0
2024-07-17 20:45:55+00:00,btc_mxn,1140799.98,1140800.02,0.0
2024-07-17 20:45:57+00:00,btc_mxn,1140799.98,1140800.02,0.0
2024-07-17 20:45:58+00:00,btc_mxn,1140799.98,1140800.02,0.0
2024-07-17 20:45:58+00:00,btc_mxn,1140799.98,1140800.02,0.0
2024-07-17 20:46:00+00:00,btc_mxn,1140799.98,1140800.02,0.0
2024-07-17 20:46:01+00:00,btc_mxn,1140799.98,1140800.02,0.0
2024-07-17 20:46:02+00:00,btc_mxn,1140799.98,1140800.02,0.0
2024-07-17 20:46:03+00:00,btc_mxn,1140799.98,1140800.02,0.0
2024-07-17 20:46:04+00:00,btc_mxn,1140799.98,1140800.02,0.0
2024-07-17 20:46:05+00:00,btc_mxn,1140799.98,1140800.02,0.0
2024-07-17 20:46:06+00:00,btc_mxn,1140799.98,1140800.02,0.0
2024-07-17 20:46:07+00:00,btc_mxn,1140799.98,1140800.02,0.0
2024-07-17 20:46:09+00:00,btc_mxn,1140799.98,1140800.02,0.0
2024-07-17 20:46:10+00:00,btc_mxn,1140799.98,1140800.02,0.0
2024-07-17 20:46:12+00:00,btc_mxn,1140799.98,1140800.02,0.0
2024-07-17 20:46:13+00:00,btc_mxn,1140799.98,1140800.02,0.0
2024-07-17 20:46:14+00:00,btc_mxn,1140799.98,1140800.02,0.0
2024-07-17 20:46:15+00:00,btc_mxn,1140799.98,1140800.02,0.0
2024-07-17 20:46:16+00:00,btc_mxn,1140799.98,1140800.02,0.0
2024-07-17 20:46:17+00:00,btc_mxn,1140799.98,1140800.02,0.0
2024-07-17 20:46:18+00:00,btc_mxn,1140799.98,1140800.02,0.0
2024-07-17 20:46:19+00:00,btc_mxn,1140799.98,1140800.02,0.0
2024-07-17 20:46:20+00:00,btc_mxn,1140799.98,1140800.02,0.0
2024-07-17 20:46:21+00:00,btc_mxn,1140799.98,1140800.02,0.0
2024-07-17 20:46:22+00:00,btc_mxn,1140799.98,1140800.02,0.0
2024-07-17 20:46:23+00:00,btc_mxn,1140799.98,1140800.02,0.0
2024-07-17 20:46:24+00:00,btc_mxn,1140799.98,1140800.02,0.0
2024-07-17 20:46:25+00:00,btc_mxn,1140799.98,1140800.02,0.0
2024-07-17 20:46:26+00:00,btc_mxn,1140799.98,1140800.02,0.0
2024-07-17 20:46:27+00:00,btc_mxn,1140799.98,1140800.02,0.0
2024-07-17 20:46:28+00:00,btc_mxn,1140799.98,1140800.02,0.0
2024-07-17 20:46:29+00:00,btc_mxn,1140799.98,1140800.02,0.0
2024-07-17 20:46:30+00:00,btc_mxn,1140799.98,1140800.02,0.0
2024-07-17 20:46:31+00:00,btc_mxn,1140799.98,1140800.02,0.0
2024-07-17 20:46:32+00:00,btc_mxn,1140799.98,1140800.02,0.0
2024-07-17 20:46:33+00:00,btc_mxn,1140799.98,1140800.02,0.0
2024-07-17 20:46:34+00:00,btc_mxn,1140799.98,1140800.02,0.0
2024-07-17 20:46:35+00:00,btc_mxn,1140799.98,1140800.02,0.0
2024-07-17 20:46:36+00:00,btc_mxn,1140799.98,1140800.02,0.0
2024-07-17 20:46:37+00:00,btc_mxn,1140799.98,1140800.02,0.0
2024-07-17 20:46:38+00:00,btc_mxn,1140799.98,1140800.02,0.0
2024-07-17 20:46:39+00:00,btc_mxn,1140799.98,1140800.02,0.0
2024-07-17 20:46:40+00:00,btc_mxn,1140799.98,1140800.02,0.0
2024-07-17 20:46:41+00:00,btc_mxn,1140799.98,1140800.02,0.0
2024-07-17 20:46:42+00:00,btc_mxn,1140799.98,1140800.02,0.0
2024-07-17 20:46:43+00:00,btc_mxn,1140799.98,1140800.02,0.0
2024-07-17 20:46:44+00:00,btc_mxn,1140799.98,1140800.02,0.0
2024-07-17 20:46:45+00:00,btc_mxn,1140799.98,1140800.02,0.0
2024-07-17 20:46:46+00:00,btc_mxn,1140799.98,1140800.02,0.0
2024-07-17 20:46:47+00:00,btc_mxn,1140799.98,1140800.02,0.0
2024-07-17 20:46:48+00:00,btc_mxn,1140799.98,1140800.02,0.0
2024-07-17 20:46:49+00:00,btc_mxn,1140799.98,1140800.02,0.0
2024-07-17 20:46:50+00:00,btc_mxn,1140799.98,1140800.02,0.0
2024-07-17 20:46:51+00:00,btc_mxn,1140799.98,1140800.02,0.0
2024-07-17 20:46:52+00:00,btc_mxn,1140799.98,1140800.02,0.0
2024-07-17 20:46:53+00:00,btc_mxn,1140799.98,1140800.02,0.0
2024-07-17 20:46:54+00:00,btc_mxn,1140799.98,1140800.02,0.0
2024-07-17 20:46:55+00:00,btc_mxn,1140799.98,1140800.02,0.0
2024-07-17 20:46:56+00:00,btc_mxn,1140799.98,1140800.02,0.0
2024-07-17 20:46:57+00:00,btc_mxn,1140799.98,1140800.02,0.0
2024-07-17 20:46:58+00:00,btc_mxn,1140799.98,1140800.02,0.0
2024-07-17 20:46:59+00:00,btc_mxn,1140799.98,1140800.02,0.0
2024-07-17 20:47:00+00:00,btc_mxn,1140799.98,1140800.02,0.0
2024-07-17 20:47:01+00:00,btc_mxn,1140799.98,1140800.02,0.0
2024-07-17 20:47:02+00:00,btc_mxn,1140799.98,1140800.02,0.0
2024-07-17 20:47:03+00:00,btc_mxn,1140799.98,1140800.02,0.0
2024-07-17 20:47:04+00:00,btc_mxn,1140799.98,1140800.02,0.0
2024-07-17 20:47:05+00:00,btc_mxn,1140799.98,1140800.02,0.0
2024-07-17 20:47:06+00:00,btc_mxn,1140799.98,1140800.02,0.0
2024-07-17 20:47:07+00:00,btc_mxn,1140799.98,1140800.02,0.0
2024-07-17 20:47:08+00:00,btc_mxn,1140799.98,1140800.02,0.0
2024-07-17 20:47:09+00:00,btc_mxn,1140799.98,1140800.02,0.0
2024-07-17 20:47:10+00:00,btc_mxn,1140799.98,1140800.02,0.0
2024-07-17 20:47:11+00:00,btc_mxn,1140799.98,1140800.02,0.0
2024-07-17 20:47:12+00:00,btc_mxn,1140799.98,1140800.02,0.0
2024-07-17 20:47:13+00:00,btc_mxn,1140799.98,1140800.02,0.0
2024-07-17 20:47:14+00:00,btc_mxn,1140799.98,1140800.02,0.0
2024-07-17 20:47:15+00:00,btc_mxn,1140799.98,1140800.02,0.0
2024-07-17 20:47:16+00:00,btc_mxn,1140799.98,1140800.02,0.0
2024-07-17 20:47:17+00:00,btc_mxn,1140799.98,1140800.02,0.0
2024-07-17 20:47:18+00:00,btc_mxn,1140799.98,1140800.02,0.0
2024-07-17 20:47:19+00:00,btc_mxn,1140799.98,1140800.02,0.0
2024-07-17 20:47:20+00:00,btc_mxn,1140799.98,1140800.02,0.0
2024-07-17 20:47:21+00:00,btc_mxn,1140799.98,1140800.02,0.0
2024-07-17 20:47:22+00:00,btc_mxn,1140799.98,1140800.02,0.0
2024-07-17 20:47:23+00:00,btc_mxn,1140799.98,1140800.02,0.0
2024-07-17 20:47:24+00:00,btc_mxn,1140799.98,1140800.02,0.0
2024-07-17 20:47:25+00:00,btc_mxn,1140799.98,1140800.02,0.0
2024-07-17 20:47:26+00:00,btc_mxn,1140799.98,1140800.02,0.0
2024-07-17 20:47:28+00:00,btc_mxn,1140799.98,1140800.02,0.0
2024-07-17 20:47:29+00:00,btc_mxn,1140799.98,1140800.02,0.0
2024-07-17 20:47:30+00:00,btc_mxn,1140799.98,1140800.02,0.0
2024-07-17 20:47:31+00:00,btc_mxn,1140799.98,1140800.02,0.0
2024-07-17 20:47:32+00:00,btc_mxn,1140799.98,1140800.02,0.0
2024-07-17 20:47:33+00:00,btc_mxn,1140799.98,1140800.02,0.0
2024-07-17 20:47:34+00:00,btc_mxn,1140799.98,1140800.02,0.0
2024-07-17 20:47:36+00:00,btc_mxn,1140799.98,1140800.02,0.0
2024-07-17 20:47:37+00:00,btc_mxn,1140799.98,1140800.02,0.0
2024-07-17 20:47:38+00:00,btc_mxn,1140799.98,1140800.02,0.0
2024-07-17 20:47:39+00:00,btc_mxn,1140799.98,1140800.02,0.0
2024-07-17 20:47:40+00:00,btc_mxn,1140799.98,1140800.02,0.0
2024-07-17 20:47:41+00:00,btc_mxn,1140799.98,1140800.02,0.0
2024-07-17 20:47:42+00:00,btc_mxn,1140799.98,1140800.02,0.0
2024-07-17 20:47:43+00:00,btc_mxn,1140799.98,1140800.02,0.0
2024-07-17 20:47:44+00:00,btc_mxn,1140799.98,1140800.02,0.0
2024-07-17 20:47:45+00:00,btc_mxn,1140799.98,1140800.02,0.0
2024-07-17 20:47:46+00:00,btc_mxn,1140799.98,1140800.02,0.0
2024-07-17 20:47:47+00:00,btc_mxn,1140799.98,1140800.02,0.0
2024-07-17 20:47:48+00:00,btc_mxn,1140799.98,1140800.02,0.0
2024-07-17 20:47:49+00:00,btc_mxn,1140799.98,1140800.02,0.0
2024-07-17 20:47:50+00:00,btc_mxn,1140799.98,1140800.02,0.0
2024-07-17 20:47:51+00:00,btc_mxn,1140799.98,1140800.02,0.0
2024-07-17 20:47:52+00:00,btc_mxn,1140799.98,1140800.02,0.0
2024-07-17 20:47:53+00:00,btc_mxn,1140799.98,1140800.02,0.0
2024-07-17 20:47:54+00:00,btc_mxn,1140799.98,1140800.02,0.0
2024-07-17 20:47:55+00:00,btc_mxn,1140799.98,1140800.02,0.0
2024-07-17 20:47:56+00:00,btc_mxn,1140799.98,1140800.02,0.0
2024-07-17 20:47:57+00:00,btc_mxn,1140799.98,1140800.02,0.0
2024-07-17 20:47:58+00:00,btc_mxn,1140799.98,1140800.02,0.0
2024-07-17 20:47:59+00:00,btc_mxn,1140799.98,1140800.02,0.0
2024-07-17 20:48:00+00:00,btc_mxn,1140799.98,1140800.02,0.0
2024-07-17 20:48:01+00:00,btc_mxn,1140799.98,1140800.02,0.0
2024-07-17 20:48:02+00:00,btc_mxn,1140799.98,1140800.02,0.0
2024-07-17 20:48:03+00:00,btc_mxn,1140799.98,1140800.02,0.0
2024-07-17 20:48:04+00:00,btc_mxn,1140799.98,1140800.02,0.0
2024-07-17 20:48:05+00:00,btc_mxn,1140799.98,1140800.02,0.0
2024-07-17 20:48:06+00:00,btc_mxn,1140799.98,1140800.02,0.0
2024-07-17 20:48:07+00:00,btc_mxn,1140799.98,1140800.02,0.0
2024-07-17 20:48:08+00:00,btc_mxn,1140799.98,1140800.02,0.0
2024-07-17 20:48:09+00:00,btc_mxn,1140799.98,1140800.02,0.0
2024-07-17 20:48:10+00:00,btc_mxn,1140799.98,1140800.02,0.0
2024-07-17 20:48:11+00:00,btc_mxn,1140799.98,1140800.02,0.0
2024-07-17 20:48:12+00:00,btc_mxn,1140799.98,1140800.02,0.0
2024-07-17 20:48:13+00:00,btc_mxn,1140799.98,1140800.02,0.0
2024-07-17 20:48:14+00:00,btc_mxn,1140799.98,1140800.02,0.0
2024-07-17 20:48:15+00:00,btc_mxn,1140799.98,1140800.02,0.0
2024-07-17 20:48:16+00:00,btc_mxn,1140799.98,1140800.02,0.0
2024-07-17 20:48:17+00:00,btc_mxn,1140799.98,1140800.02,0.0
2024-07-17 20:48:18+00:00,btc_mxn,1140799.98,1140800.02,0.0
2024-07-17 20:48:19+00:00,btc_mxn,1140799.98,1140800.02,0.0
2024-07-17 20:48:20+00:00,btc_mxn,1140799.98,1140800.02,0.0
2024-07-17 20:48:21+00:00,btc_mxn,1140799.98,1140800.02,0.0
2024-07-17 20:48:22+00:00,btc_mxn,1140799.98,1140800.02,0.0
2024-07-17 20:48:24+00:00,btc_mxn,1140799.98,1140800.02,0.0
2024-07-17 20:48:25+00:00,btc_mxn,1140799.98,1140800.02,0.0
2024-07-17 20:48:26+00:00,btc_mxn,1140799.98,1140800.02,0.0
2024-07-17 20:48:27+00:00,btc_mxn,1140799.98,1140800.02,0.0
2024-07-17 20:48:28+00:00,btc_mxn,1140799.98,1140800.02,0.0
2024-07-17 20:48:29+00:00,btc_mxn,1140799.98,1140800.02,0.0
2024-07-17 20:48:30+00:00,btc_mxn,1140799.98,1140800.02,0.0
2024-07-17 20:48:31+00:00,btc_mxn,1140799.98,1140800.02,0.0
2024-07-17 20:48:32+00:00,btc_mxn,1140799.98,1140800.02,0.0
2024-07-17 20:48:33+00:00,btc_mxn,1140799.98,1140800.02,0.0
2024-07-17 20:48:34+00:00,btc_mxn,1140799.98,1140800.02,0.0
2024-07-17 20:48:35+00:00,btc_mxn,1140799.98,1140800.02,0.0
2024-07-17 20:48:36+00:00,btc_mxn,1140799.98,1140800.02,0.0
2024-07-17 20:48:37+00:00,btc_mxn,1140799.98,1140800.02,0.0
2024-07-17 20:48:38+00:00,btc_mxn,1140799.98,1140800.02,0.0
2024-07-17 20:48:39+00:00,btc_mxn,1140799.98,1140800.02,0.0
2024-07-17 20:48:40+00:00,btc_mxn,1140799.98,1140800.02,0.0
2024-07-17 20:48:41+00:00,btc_mxn,1140799.98,1140800.02,0.0
2024-07-17 20:48:42+00:00,btc_mxn,1140799.98,1140800.02,0.0
2024-07-17 20:48:43+00:00,btc_mxn,1140799.98,1140800.02,0.0
2024-07-17 20:48:44+00:00,btc_mxn,1140799.98,1140800.02,0.0
2024-07-17 20:48:45+00:00,btc_mxn,1140799.98,1140800.02,0.0
2024-07-17 20:48:46+00:00,btc_mxn,1140799.98,1140800.02,0.0
2024-07-17 20:48:47+00:00,btc_mxn,1140799.98,1140800.02,0.0
2024-07-17 20:48:48+00:00,btc_mxn,1140799.98,1140800.02,0.0
2024-07-17 20:48:49+00:00,btc_mxn,1140799.98,1140800.02,0.0
2024-07-17 20:48:50+00:00,btc_mxn,1140799.98,1140800.02,0.0
2024-07-17 20:48:51+00:00,btc_mxn,1140799.98,1140800.02,0.0
2024-07-17 20:48:52+00:00,btc_mxn,1140799.98,1140800.02,0.0
2024-07-17 20:48:53+00:00,btc_mxn,1140799.98,1140800.02,0.0
2024-07-17 20:48:54+00:00,btc_mxn,1140799.98,1140800.02,0.0
2024-07-17 20:48:55+00:00,btc_mxn,1140799.98,1140800.02,0.0
2024-07-17 20:48:56+00:00,btc_mxn,1140799.98,1140800.02,0.0
2024-07-17 20:48:57+00:00,btc_mxn,1140799.98,1140800.02,0.0
2024-07-17 20:48:59+00:00,btc_mxn,1140799.98,1140800.02,0.0
2024-07-17 20:48:59+00:00,btc_mxn,1140799.98,1140800.02,0.0
2024-07-17 20:49:00+00:00,btc_mxn,1140799.98,1140800.02,0.0
2024-07-17 20:49:01+00:00,btc_mxn,1140799.98,1140800.02,0.0
2024-07-17 20:49:02+00:00,btc_mxn,1140799.98,1140800.02,0.0
2024-07-17 20:49:03+00:00,btc_mxn,1140799.98,1140800.02,0.0
2024-07-17 20:49:04+00:00,btc_mxn,1140799.98,1140800.02,0.0
2024-07-17 20:49:05+00:00,btc_mxn,1140799.98,1140800.02,0.0
2024-07-17 20:49:06+00:00,btc_mxn,1140799.98,1140800.02,0.0
2024-07-17 20:49:07+00:00,btc_mxn,1140799.98,1140800.02,0.0
2024-07-17 20:49:08+00:00,btc_mxn,1140799.98,1140800.02,0.0
2024-07-17 20:49:09+00:00,btc_mxn,1140799.98,1140800.02,0.0
2024-07-17 20:49:10+00:00,btc_mxn,1140799.98,1140800.02,0.0
2024-07-17 20:49:11+00:00,btc_mxn,1140799.98,1140800.02,0.0
2024-07-17 20:49:12+00:00,btc_mxn,1140799.98,1140800.02,0.0
2024-07-17 20:49:14+00:00,btc_mxn,1140799.98,1140800.02,0.0
2024-07-17 20:49:15+00:00,btc_mxn,1140799.98,1140800.02,0.0
2024-07-17 20:49:16+00:00,btc_mxn,1140799.98,1140800.02,0.0
2024-07-17 20:49:17+00:00,btc_mxn,1140799.98,1140800.02,0.0
2024-07-17 20:49:18+00:00,btc_mxn,1140799.98,1140800.02,0.0
2024-07-17 20:49:19+00:00,btc_mxn,1140799.98,1140800.02,0.0
2024-07-17 20:49:20+00:00,btc_mxn,1140799.98,1140800.02,0.0
2024-07-17 20:49:21+00:00,btc_mxn,1140799.98,1140800.02,0.0
2024-07-17 20:49:22+00:00,btc_mxn,1140799.98,1140800.02,0.0
2024-07-17 20:49:23+00:00,btc_mxn,1140799.98,1140800.02,0.0
2024-07-17 20:49:24+00:00,btc_mxn,1140799.98,1140800.02,0.0
2024-07-17 20:49:25+00:00,btc_mxn,1140799.98,1140800.02,0.0
2024-07-17 20:49:26+00:00,btc_mxn,1140799.98,1140800.02,0.0
2024-07-17 20:49:27+00:00,btc_mxn,1140799.98,1140800.02,0.0
2024-07-17 20:49:28+00:00,btc_mxn,1140799.98,1140800.02,0.0
2024-07-17 20:49:29+00:00,btc_mxn,1140799.98,1140800.02,0.0
2024-07-17 20:49:30+00:00,btc_mxn,1140799.98,1140800.02,0.0
2024-07-17 20:49:31+00:00,btc_mxn,1140799.98,1140800.02,0.0
2024-07-17 20:49:32+00:00,btc_mxn,1140799.98,1140800.02,0.0
2024-07-17 20:49:33+00:00,btc_mxn,1140799.98,1140800.02,0.0
2024-07-17 20:49:34+00:00,btc_mxn,1140799.98,1140800.02,0.0
2024-07-17 20:49:35+00:00,btc_mxn,1140799.98,1140800.02,0.0
2024-07-17 20:49:36+00:00,btc_mxn,1140799.98,1140800.02,0.0
2024-07-17 20:49:37+00:00,btc_mxn,1140799.98,1140800.02,0.0
2024-07-17 20:49:38+00:00,btc_mxn,1140799.98,1140800.02,0.0
2024-07-17 20:49:39+00:00,btc_mxn,1140799.98,1140800.02,0.0
2024-07-17 20:49:40+00:00,btc_mxn,1140799.98,1140800.02,0.0
2024-07-17 20:49:41+00:00,btc_mxn,1140799.98,1140800.02,0.0
2024-07-17 20:49:42+00:00,btc_mxn,1140799.98,1140800.02,0.0
2024-07-17 20:49:43+00:00,btc_mxn,1140799.98,1140800.02,0.0
2024-07-17 20:49:44+00:00,btc_mxn,1140799.98,1140800.02,0.0
2024-07-17 20:49:45+00:00,btc_mxn,1140799.98,1140800.02,0.0
2024-07-17 20:49:46+00:00,btc_mxn,1140799.98,1140800.02,0.0
2024-07-17 20:49:47+00:00,btc_mxn,1140799.98,1140800.02,0.0
2024-07-17 20:49:48+00:00,btc_mxn,1140799.98,1140800.02,0.0
2024-07-17 20:49:49+00:00,btc_mxn,1140799.98,1140800.02,0.0
2024-07-17 20:49:50+00:00,btc_mxn,1140799.98,1140800.02,0.0
2024-07-17 20:49:51+00:00,btc_mxn,1140799.98,1140800.02,0.0
2024-07-17 20:49:52+00:00,btc_mxn,1140799.98,1140800.02,0.0
2024-07-17 20:49:53+00:00,btc_mxn,1140799.98,1140800.02,0.0
2024-07-17 20:49:54+00:00,btc_mxn,1140799.98,1140800.02,0.0
2024-07-17 20:49:55+00:00,btc_mxn,1140799.98,1140800.02,0.0
2024-07-17 20:49:56+00:00,btc_mxn,1140799.98,1140800.02,0.0
2024-07-17 20:49:57+00:00,btc_mxn,1140799.98,1140800.02,0.0
2024-07-17 20:49:58+00:00,btc_mxn,1140799.98,1140800.02,0.0
2024-07-17 20:49:59+00:00,btc_mxn,1140799.98,1140800.02,0.0
2024-07-17 20:50:00+00:00,btc_mxn,1140799.98,1140800.02,0.0
2024-07-17 20:50:01+00:00,btc_mxn,1140799.98,1140800.02,0.0
2024-07-17 20:50:02+00:00,btc_mxn,1140799.98,1140800.02,0.0
2024-07-17 20:50:03+00:00,btc_mxn,1140799.98,1140800.02,0.0
2024-07-17 20:50:04+00:00,btc_mxn,1140799.98,1140800.02,0.0
2024-07-17 20:50:05+00:00,btc_mxn,1140799.98,1140800.02,0.0
2024-07-17 20:50:07+00:00,btc_mxn,1140799.98,1140800.02,0.0
2024-07-17 20:50:08+00:00,btc_mxn,1140799.98,1140800.02,0.0
2024-07-17 20:50:09+00:00,btc_mxn,1140799.98,1140800.02,0.0
2024-07-17 20:50:10+00:00,btc_mxn,1140799.98,1140800.02,0.0
2024-07-17 20:50:11+00:00,btc_mxn,1140799.98,1140800.02,0.0
2024-07-17 20:50:12+00:00,btc_mxn,1140799.98,1140800.02,0.0
2024-07-17 20:50:13+00:00,btc_mxn,1140799.98,1140800.02,0.0
2024-07-17 20:50:14+00:00,btc_mxn,1140799.98,1140800.02,0.0
2024-07-17 20:50:16+00:00,btc_mxn,1140799.98,1140800.02,0.0
2024-07-17 20:50:17+00:00,btc_mxn,1140799.98,1140800.02,0.0
2024-07-17 20:50:18+00:00,btc_mxn,1140799.98,1140800.02,0.0
2024-07-17 20:50:19+00:00,btc_mxn,1140799.98,1140800.02,0.0
2024-07-17 20:50:20+00:00,btc_mxn,1140799.98,1140800.02,0.0
2024-07-17 20:50:21+00:00,btc_mxn,1140799.98,1140800.02,0.0
2024-07-17 20:50:22+00:00,btc_mxn,1140799.98,1140800.02,0.0
2024-07-17 20:50:23+00:00,btc_mxn,1140799.98,1140800.02,0.0
2024-07-17 20:50:24+00:00,btc_mxn,1140799.98,1140800.02,0.0
2024-07-17 20:50:25+00:00,btc_mxn,1140799.98,1140800.02,0.0
2024-07-17 20:50:26+00:00,btc_mxn,1140799.98,1140800.02,0.0
2024-07-17 20:50:27+00:00,btc_mxn,1140799.98,1140800.02,0.0
2024-07-17 20:50:28+00:00,btc_mxn,1140799.98,1140800.02,0.0
2024-07-17 20:50:29+00:00,btc_mxn,1140799.98,1140800.02,0.0
2024-07-17 20:50:30+00:00,btc_mxn,1140799.98,1140800.02,0.0
2024-07-17 20:50:31+00:00,btc_mxn,1140799.98,1140800.02,0.0
2024-07-17 20:50:32+00:00,btc_mxn,1140799.98,1140800.02,0.0
2024-07-17 20:50:33+00:00,btc_mxn,1140799.98,1140800.02,0.0
2024-07-17 20:50:34+00:00,btc_mxn,1140799.98,1140800.02,0.0
2024-07-17 20:50:35+00:00,btc_mxn,1140799.98,1140800.02,0.0
2024-07-17 20:50:36+00:00,btc_mxn,1140799.98,1140800.02,0.0
2024-07-17 20:50:37+00:00,btc_mxn,1140799.98,1140800.02,0.0
2024-07-17 20:50:38+00:00,btc_mxn,1140799.98,1140800.02,0.0
2024-07-17 20:50:39+00:00,btc_mxn,1140799.98,1140800.02,0.0
2024-07-17 20:50:40+00:00,btc_mxn,1140799.98,1140800.02,0.0
2024-07-17 20:50:41+00:00,btc_mxn,1140799.98,1140800.02,0.0
2024-07-17 20:50:42+00:00,btc_mxn,1140799.98,1140800.02,0.0
2024-07-17 20:50:43+00:00,btc_mxn,1140839.98,1140840.02,0.0
2024-07-17 20:50:44+00:00,btc_mxn,1140839.98,1140840.02,0.0
2024-07-17 20:50:45+00:00,btc_mxn,1140839.98,1140840.02,0.0
2024-07-17 20:50:46+00:00,btc_mxn,1140839.98,1140840.02,0.0
2024-07-17 20:50:47+00:00,btc_mxn,1140839.98,1140840.02,0.0
2024-07-17 20:50:48+00:00,btc_mxn,1140839.98,1140840.02,0.0
2024-07-17 20:50:49+00:00,btc_mxn,1140839.98,1140840.02,0.0
2024-07-17 20:50:50+00:00,btc_mxn,1140839.98,1140840.02,0.0
2024-07-17 20:50:51+00:00,btc_mxn,1140839.98,1140840.02,0.0
2024-07-17 20:50:52+00:00,btc_mxn,1140839.98,1140840.02,0.0
2024-07-17 20:50:53+00:00,btc_mxn,1140839.98,1140840.02,0.0
2024-07-17 20:50:54+00:00,btc_mxn,1140839.98,1140840.02,0.0
2024-07-17 20:50:55+00:00,btc_mxn,1140839.98,1140840.02,0.0
2024-07-17 20:50:56+00:00,btc_mxn,1140839.98,1140840.02,0.0
2024-07-17 20:50:57+00:00,btc_mxn,1140839.98,1140840.02,0.0
2024-07-17 20:50:58+00:00,btc_mxn,1140839.98,1140840.02,0.0
2024-07-17 20:50:59+00:00,btc_mxn,1140839.98,1140840.02,0.0
2024-07-17 20:51:00+00:00,btc_mxn,1140839.98,1140840.02,0.0
2024-07-17 20:51:01+00:00,btc_mxn,1140839.98,1140840.02,0.0
2024-07-17 20:51:02+00:00,btc_mxn,1140839.98,1140840.02,0.0
2024-07-17 20:51:03+00:00,btc_mxn,1140839.98,1140840.02,0.0
2024-07-17 20:51:04+00:00,btc_mxn,1140839.98,1140840.02,0.0
2024-07-17 20:51:05+00:00,btc_mxn,1140839.98,1140840.02,0.0
2024-07-17 20:51:07+00:00,btc_mxn,1140839.98,1140840.02,0.0
2024-07-17 20:51:08+00:00,btc_mxn,1140839.98,1140840.02,0.0
2024-07-17 20:51:09+00:00,btc_mxn,1140839.98,1140840.02,0.0
