orderbook_timestamp,book,bid,ask,spread
2024-07-18 04:10:32+00:00,btc_mxn,1147840.0,1147840.02,0.0
2024-07-18 04:10:33+00:00,btc_mxn,1147840.0,1147840.02,0.0
2024-07-18 04:10:34+00:00,btc_mxn,1147840.0,1147840.02,0.0
2024-07-18 04:10:35+00:00,btc_mxn,1147840.0,1147840.02,0.0
2024-07-18 04:10:36+00:00,btc_mxn,1147840.0,1147840.02,0.0
2024-07-18 04:10:37+00:00,btc_mxn,1147840.0,1147840.02,0.0
2024-07-18 04:10:38+00:00,btc_mxn,1147840.0,1147840.02,0.0
2024-07-18 04:10:39+00:00,btc_mxn,1147840.0,1147840.02,0.0
2024-07-18 04:10:40+00:00,btc_mxn,1147840.0,1147840.02,0.0
2024-07-18 04:10:41+00:00,btc_mxn,1147840.0,1147840.02,0.0
2024-07-18 04:10:42+00:00,btc_mxn,1147840.0,1147840.02,0.0
2024-07-18 04:10:43+00:00,btc_mxn,1147840.0,1147840.02,0.0
2024-07-18 04:10:44+00:00,btc_mxn,1147840.0,1147840.02,0.0
2024-07-18 04:10:45+00:00,btc_mxn,1149869.98,1149870.02,0.0
2024-07-18 04:10:46+00:00,btc_mxn,1149869.98,1149870.02,0.0
2024-07-18 04:10:47+00:00,btc_mxn,1149869.98,1149870.02,0.0
2024-07-18 04:10:48+00:00,btc_mxn,1149869.98,1149870.02,0.0
2024-07-18 04:10:49+00:00,btc_mxn,1149869.98,1149870.02,0.0
2024-07-18 04:10:50+00:00,btc_mxn,1149869.98,1149870.02,0.0
2024-07-18 04:10:51+00:00,btc_mxn,1149869.98,1149870.02,0.0
2024-07-18 04:10:52+00:00,btc_mxn,1149869.98,1149870.02,0.0
2024-07-18 04:10:53+00:00,btc_mxn,1149869.98,1149870.02,0.0
2024-07-18 04:10:54+00:00,btc_mxn,1149869.98,1149870.02,0.0
2024-07-18 04:10:55+00:00,btc_mxn,1149869.98,1149870.02,0.0
2024-07-18 04:10:56+00:00,btc_mxn,1149869.98,1149870.02,0.0
2024-07-18 04:10:57+00:00,btc_mxn,1149869.98,1149870.02,0.0
2024-07-18 04:10:59+00:00,btc_mxn,1149869.98,1149870.02,0.0
2024-07-18 04:11:00+00:00,btc_mxn,1149869.98,1149870.02,0.0
2024-07-18 04:11:01+00:00,btc_mxn,1149869.98,1149870.02,0.0
2024-07-18 04:11:02+00:00,btc_mxn,1149869.98,1149870.02,0.0
2024-07-18 04:11:03+00:00,btc_mxn,1149869.98,1149870.02,0.0
2024-07-18 04:11:04+00:00,btc_mxn,1149869.98,1149870.02,0.0
2024-07-18 04:11:05+00:00,btc_mxn,1149869.98,1149870.02,0.0
2024-07-18 04:11:06+00:00,btc_mxn,1149869.98,1149870.02,0.0
2024-07-18 04:11:07+00:00,btc_mxn,1149869.98,1149870.02,0.0
2024-07-18 04:11:08+00:00,btc_mxn,1149869.98,1149870.02,0.0
2024-07-18 04:11:09+00:00,btc_mxn,1149869.98,1149870.02,0.0
2024-07-18 04:11:10+00:00,btc_mxn,1149869.98,1149870.02,0.0
2024-07-18 04:11:11+00:00,btc_mxn,1149869.98,1149870.02,0.0
2024-07-18 04:11:12+00:00,btc_mxn,1149869.98,1149870.02,0.0
2024-07-18 04:11:13+00:00,btc_mxn,1149869.98,1149870.02,0.0
2024-07-18 04:11:14+00:00,btc_mxn,1149869.98,1149870.02,0.0
2024-07-18 04:11:15+00:00,btc_mxn,1149869.98,1149870.02,0.0
2024-07-18 04:11:16+00:00,btc_mxn,1149869.98,1149870.02,0.0
2024-07-18 04:11:17+00:00,btc_mxn,1149869.98,1149870.02,0.0
2024-07-18 04:11:18+00:00,btc_mxn,1149869.98,1149870.02,0.0
2024-07-18 04:11:19+00:00,btc_mxn,1149869.98,1149870.02,0.0
2024-07-18 04:11:20+00:00,btc_mxn,1149869.98,1149870.02,0.0
2024-07-18 04:11:21+00:00,btc_mxn,1149869.98,1149870.02,0.0
2024-07-18 04:11:22+00:00,btc_mxn,1149869.98,1149870.02,0.0
2024-07-18 04:11:23+00:00,btc_mxn,1149869.98,1149870.02,0.0
2024-07-18 04:11:24+00:00,btc_mxn,1149869.98,1149870.02,0.0
2024-07-18 04:11:25+00:00,btc_mxn,1149869.98,1149870.02,0.0
2024-07-18 04:11:26+00:00,btc_mxn,1149869.98,1149870.02,0.0
2024-07-18 04:11:27+00:00,btc_mxn,1149869.98,1149870.02,0.0
2024-07-18 04:11:28+00:00,btc_mxn,1149869.98,1149870.02,0.0
2024-07-18 04:11:29+00:00,btc_mxn,1149869.98,1149870.02,0.0
2024-07-18 04:11:30+00:00,btc_mxn,1149869.98,1149870.02,0.0
2024-07-18 04:11:31+00:00,btc_mxn,1149869.98,1149870.02,0.0
2024-07-18 04:11:32+00:00,btc_mxn,1149869.98,1149870.02,0.0
2024-07-18 04:11:33+00:00,btc_mxn,1149869.98,1149870.02,0.0
2024-07-18 04:11:34+00:00,btc_mxn,1149869.98,1149870.02,0.0
2024-07-18 04:11:35+00:00,btc_mxn,1149869.98,1149870.02,0.0
2024-07-18 04:11:36+00:00,btc_mxn,1149869.98,1149870.02,0.0
2024-07-18 04:11:37+00:00,btc_mxn,1149869.98,1149870.02,0.0
2024-07-18 04:11:38+00:00,btc_mxn,1149869.98,1149870.02,0.0
2024-07-18 04:11:39+00:00,btc_mxn,1149869.98,1149870.02,0.0
2024-07-18 04:11:40+00:00,btc_mxn,1149869.98,1149870.02,0.0
2024-07-18 04:11:41+00:00,btc_mxn,1149869.98,1149870.02,0.0
2024-07-18 04:11:42+00:00,btc_mxn,1149869.98,1149870.02,0.0
2024-07-18 04:11:43+00:00,btc_mxn,1149869.98,1149870.02,0.0
2024-07-18 04:11:44+00:00,btc_mxn,1149869.98,1149870.02,0.0
2024-07-18 04:11:45+00:00,btc_mxn,1149869.98,1149870.02,0.0
2024-07-18 04:11:46+00:00,btc_mxn,1149869.98,1149870.02,0.0
2024-07-18 04:11:47+00:00,btc_mxn,1149869.98,1149870.02,0.0
2024-07-18 04:11:48+00:00,btc_mxn,1149869.98,1149870.02,0.0
2024-07-18 04:11:49+00:00,btc_mxn,1149869.98,1149870.02,0.0
2024-07-18 04:11:50+00:00,btc_mxn,1149869.98,1149870.02,0.0
2024-07-18 04:11:51+00:00,btc_mxn,1149869.98,1149870.02,0.0
2024-07-18 04:11:52+00:00,btc_mxn,1149869.98,1149870.02,0.0
2024-07-18 04:11:53+00:00,btc_mxn,1149869.98,1149870.02,0.0
2024-07-18 04:11:54+00:00,btc_mxn,1149869.98,1149870.02,0.0
2024-07-18 04:11:55+00:00,btc_mxn,1149869.98,1149870.02,0.0
2024-07-18 04:11:56+00:00,btc_mxn,1149869.98,1149870.02,0.0
2024-07-18 04:11:57+00:00,btc_mxn,1149869.98,1149870.02,0.0
2024-07-18 04:11:58+00:00,btc_mxn,1149869.98,1149870.02,0.0
2024-07-18 04:11:59+00:00,btc_mxn,1149869.98,1149870.02,0.0
2024-07-18 04:12:00+00:00,btc_mxn,1149869.98,1149870.02,0.0
2024-07-18 04:12:01+00:00,btc_mxn,1149869.98,1149870.02,0.0
2024-07-18 04:12:02+00:00,btc_mxn,1149869.98,1149870.02,0.0
2024-07-18 04:12:03+00:00,btc_mxn,1149869.98,1149870.02,0.0
2024-07-18 04:12:04+00:00,btc_mxn,1149869.98,1149870.02,0.0
2024-07-18 04:12:05+00:00,btc_mxn,1149869.98,1149870.02,0.0
2024-07-18 04:12:06+00:00,btc_mxn,1149869.98,1149870.02,0.0
2024-07-18 04:12:07+00:00,btc_mxn,1149869.98,1149870.02,0.0
2024-07-18 04:12:08+00:00,btc_mxn,1149869.98,1149870.02,0.0
2024-07-18 04:12:09+00:00,btc_mxn,1149869.98,1149870.02,0.0
2024-07-18 04:12:11+00:00,btc_mxn,1149869.98,1149870.02,0.0
2024-07-18 04:12:12+00:00,btc_mxn,1149869.98,1149870.02,0.0
2024-07-18 04:12:13+00:00,btc_mxn,1149869.98,1149870.02,0.0
2024-07-18 04:12:14+00:00,btc_mxn,1149869.98,1149870.02,0.0
2024-07-18 04:12:15+00:00,btc_mxn,1149869.98,1149870.02,0.0
2024-07-18 04:12:16+00:00,btc_mxn,1149869.98,1149870.02,0.0
2024-07-18 04:12:17+00:00,btc_mxn,1149869.98,1149870.02,0.0
2024-07-18 04:12:18+00:00,btc_mxn,1149869.98,1149870.02,0.0
2024-07-18 04:12:19+00:00,btc_mxn,1149869.98,1149870.02,0.0
2024-07-18 04:12:20+00:00,btc_mxn,1149869.98,1149870.02,0.0
2024-07-18 04:12:21+00:00,btc_mxn,1149869.98,1149870.02,0.0
2024-07-18 04:12:22+00:00,btc_mxn,1149869.98,1149870.02,0.0
2024-07-18 04:12:23+00:00,btc_mxn,1149869.98,1149870.02,0.0
2024-07-18 04:12:24+00:00,btc_mxn,1149869.98,1149870.02,0.0
2024-07-18 04:12:25+00:00,btc_mxn,1149869.98,1149870.02,0.0
2024-07-18 04:12:26+00:00,btc_mxn,1149869.98,1149870.02,0.0
2024-07-18 04:12:27+00:00,btc_mxn,1149869.98,1149870.02,0.0
2024-07-18 04:12:28+00:00,btc_mxn,1149869.98,1149870.02,0.0
2024-07-18 04:12:29+00:00,btc_mxn,1149869.98,1149870.02,0.0
2024-07-18 04:12:30+00:00,btc_mxn,1149869.98,1149870.02,0.0
2024-07-18 04:12:31+00:00,btc_mxn,1149869.98,1149870.02,0.0
2024-07-18 04:12:32+00:00,btc_mxn,1149869.98,1149870.02,0.0
2024-07-18 04:12:33+00:00,btc_mxn,1149869.98,1149870.02,0.0
2024-07-18 04:12:34+00:00,btc_mxn,1149869.98,1149870.02,0.0
2024-07-18 04:12:35+00:00,btc_mxn,1149869.98,1149870.02,0.0
2024-07-18 04:12:36+00:00,btc_mxn,1149869.98,1149870.02,0.0
2024-07-18 04:12:37+00:00,btc_mxn,1149869.98,1149870.02,0.0
2024-07-18 04:12:38+00:00,btc_mxn,1149869.98,1149870.02,0.0
2024-07-18 04:12:39+00:00,btc_mxn,1149869.98,1149870.02,0.0
2024-07-18 04:12:40+00:00,btc_mxn,1149869.98,1149870.02,0.0
2024-07-18 04:12:41+00:00,btc_mxn,1149869.98,1149870.02,0.0
2024-07-18 04:12:42+00:00,btc_mxn,1149869.98,1149870.02,0.0
2024-07-18 04:12:43+00:00,btc_mxn,1149869.98,1149870.02,0.0
2024-07-18 04:12:44+00:00,btc_mxn,1149869.98,1149870.02,0.0
2024-07-18 04:12:45+00:00,btc_mxn,1149869.98,1149870.02,0.0
2024-07-18 04:12:46+00:00,btc_mxn,1149869.98,1149870.02,0.0
2024-07-18 04:12:47+00:00,btc_mxn,1149869.98,1149870.02,0.0
2024-07-18 04:12:48+00:00,btc_mxn,1149869.98,1149870.02,0.0
2024-07-18 04:12:49+00:00,btc_mxn,1149869.98,1149870.02,0.0
2024-07-18 04:12:50+00:00,btc_mxn,1149869.98,1149870.02,0.0
2024-07-18 04:12:51+00:00,btc_mxn,1149869.98,1149870.02,0.0
2024-07-18 04:12:52+00:00,btc_mxn,1149869.98,1149870.02,0.0
2024-07-18 04:12:53+00:00,btc_mxn,1149869.98,1149870.02,0.0
2024-07-18 04:12:54+00:00,btc_mxn,1149869.98,1149870.02,0.0
2024-07-18 04:12:55+00:00,btc_mxn,1149869.98,1149870.02,0.0
2024-07-18 04:12:56+00:00,btc_mxn,1149869.98,1149870.02,0.0
2024-07-18 04:12:57+00:00,btc_mxn,1149869.98,1149870.02,0.0
2024-07-18 04:12:58+00:00,btc_mxn,1149869.98,1149870.02,0.0
2024-07-18 04:12:59+00:00,btc_mxn,1149869.98,1149870.02,0.0
2024-07-18 04:13:00+00:00,btc_mxn,1149869.98,1149870.02,0.0
2024-07-18 04:13:01+00:00,btc_mxn,1149869.98,1149870.02,0.0
2024-07-18 04:13:02+00:00,btc_mxn,1149869.98,1149870.02,0.0
2024-07-18 04:13:03+00:00,btc_mxn,1149869.98,1149870.02,0.0
2024-07-18 04:13:04+00:00,btc_mxn,1149869.98,1149870.02,0.0
2024-07-18 04:13:05+00:00,btc_mxn,1149869.98,1149870.02,0.0
2024-07-18 04:13:06+00:00,btc_mxn,1149869.98,1149870.02,0.0
2024-07-18 04:13:07+00:00,btc_mxn,1149869.98,1149870.02,0.0
2024-07-18 04:13:08+00:00,btc_mxn,1149869.98,1149870.02,0.0
2024-07-18 04:13:09+00:00,btc_mxn,1149869.98,1149870.02,0.0
2024-07-18 04:13:10+00:00,btc_mxn,1149869.98,1149870.02,0.0
2024-07-18 04:13:11+00:00,btc_mxn,1149869.98,1149870.02,0.0
2024-07-18 04:13:12+00:00,btc_mxn,1149869.98,1149870.02,0.0
2024-07-18 04:13:13+00:00,btc_mxn,1149869.98,1149870.02,0.0
2024-07-18 04:13:15+00:00,btc_mxn,1149869.98,1149870.02,0.0
2024-07-18 04:13:16+00:00,btc_mxn,1149869.98,1149870.02,0.0
2024-07-18 04:13:17+00:00,btc_mxn,1149869.98,1149870.02,0.0
2024-07-18 04:13:18+00:00,btc_mxn,1149869.98,1149870.02,0.0
2024-07-18 04:13:19+00:00,btc_mxn,1149869.98,1149870.02,0.0
2024-07-18 04:13:20+00:00,btc_mxn,1149869.98,1149870.02,0.0
2024-07-18 04:13:21+00:00,btc_mxn,1149869.98,1149870.02,0.0
2024-07-18 04:13:22+00:00,btc_mxn,1149869.98,1149870.02,0.0
2024-07-18 04:13:23+00:00,btc_mxn,1149869.98,1149870.02,0.0
2024-07-18 04:13:24+00:00,btc_mxn,1149869.98,1149870.02,0.0
2024-07-18 04:13:25+00:00,btc_mxn,1149869.98,1149870.02,0.0
2024-07-18 04:13:26+00:00,btc_mxn,1149869.98,1149870.02,0.0
2024-07-18 04:13:27+00:00,btc_mxn,1149869.98,1149870.02,0.0
2024-07-18 04:13:28+00:00,btc_mxn,1149869.98,1149870.02,0.0
2024-07-18 04:13:29+00:00,btc_mxn,1149869.98,1149870.02,0.0
2024-07-18 04:13:30+00:00,btc_mxn,1149869.98,1149870.02,0.0
2024-07-18 04:13:31+00:00,btc_mxn,1149869.98,1149870.02,0.0
2024-07-18 04:13:32+00:00,btc_mxn,1149869.98,1149870.02,0.0
2024-07-18 04:13:33+00:00,btc_mxn,1149869.98,1149870.02,0.0
2024-07-18 04:13:34+00:00,btc_mxn,1149869.98,1149870.02,0.0
2024-07-18 04:13:35+00:00,btc_mxn,1149869.98,1149870.02,0.0
2024-07-18 04:13:36+00:00,btc_mxn,1149869.98,1149870.02,0.0
2024-07-18 04:13:37+00:00,btc_mxn,1149869.98,1149870.02,0.0
2024-07-18 04:13:38+00:00,btc_mxn,1149869.98,1149870.02,0.0
2024-07-18 04:13:39+00:00,btc_mxn,1149869.98,1149870.02,0.0
2024-07-18 04:13:40+00:00,btc_mxn,1149869.98,1149870.02,0.0
2024-07-18 04:13:41+00:00,btc_mxn,1149869.98,1149870.02,0.0
2024-07-18 04:13:42+00:00,btc_mxn,1149869.98,1149870.02,0.0
2024-07-18 04:13:43+00:00,btc_mxn,1149869.98,1149870.02,0.0
2024-07-18 04:13:44+00:00,btc_mxn,1149869.98,1149870.02,0.0
2024-07-18 04:13:45+00:00,btc_mxn,1149869.98,1149870.02,0.0
2024-07-18 04:13:46+00:00,btc_mxn,1149869.98,1149870.02,0.0
2024-07-18 04:13:47+00:00,btc_mxn,1149869.98,1149870.02,0.0
2024-07-18 04:13:48+00:00,btc_mxn,1149869.98,1149870.02,0.0
2024-07-18 04:13:49+00:00,btc_mxn,1149869.98,1149870.02,0.0
2024-07-18 04:13:50+00:00,btc_mxn,1149869.98,1149870.02,0.0
2024-07-18 04:13:51+00:00,btc_mxn,1149869.98,1149870.02,0.0
2024-07-18 04:13:52+00:00,btc_mxn,1149869.98,1149870.02,0.0
2024-07-18 04:13:53+00:00,btc_mxn,1149869.98,1149870.02,0.0
2024-07-18 04:13:54+00:00,btc_mxn,1149869.98,1149870.02,0.0
2024-07-18 04:13:55+00:00,btc_mxn,1149869.98,1149870.02,0.0
2024-07-18 04:13:56+00:00,btc_mxn,1149869.98,1149870.02,0.0
2024-07-18 04:13:57+00:00,btc_mxn,1149869.98,1149870.02,0.0
2024-07-18 04:13:58+00:00,btc_mxn,1149869.98,1149870.02,0.0
2024-07-18 04:13:59+00:00,btc_mxn,1149869.98,1149870.02,0.0
2024-07-18 04:14:00+00:00,btc_mxn,1149869.98,1149870.02,0.0
2024-07-18 04:14:01+00:00,btc_mxn,1149869.98,1149870.02,0.0
2024-07-18 04:14:02+00:00,btc_mxn,1149869.98,1149870.02,0.0
2024-07-18 04:14:03+00:00,btc_mxn,1149869.98,1149870.02,0.0
2024-07-18 04:14:04+00:00,btc_mxn,1149869.98,1149870.02,0.0
2024-07-18 04:14:05+00:00,btc_mxn,1149869.98,1149870.02,0.0
2024-07-18 04:14:06+00:00,btc_mxn,1149869.98,1149870.02,0.0
2024-07-18 04:14:07+00:00,btc_mxn,1149869.98,1149870.02,0.0
2024-07-18 04:14:08+00:00,btc_mxn,1149869.98,1149870.02,0.0
2024-07-18 04:14:09+00:00,btc_mxn,1149869.98,1149870.02,0.0
2024-07-18 04:14:10+00:00,btc_mxn,1149869.98,1149870.02,0.0
2024-07-18 04:14:11+00:00,btc_mxn,1149869.98,1149870.02,0.0
2024-07-18 04:14:12+00:00,btc_mxn,1149869.98,1149870.02,0.0
2024-07-18 04:14:13+00:00,btc_mxn,1149869.98,1149870.02,0.0
2024-07-18 04:14:14+00:00,btc_mxn,1149869.98,1149870.02,0.0
2024-07-18 04:14:15+00:00,btc_mxn,1149869.98,1149870.02,0.0
2024-07-18 04:14:16+00:00,btc_mxn,1149869.98,1149870.02,0.0
2024-07-18 04:14:17+00:00,btc_mxn,1149869.98,1149870.02,0.0
2024-07-18 04:14:18+00:00,btc_mxn,1149869.98,1149870.02,0.0
2024-07-18 04:14:19+00:00,btc_mxn,1149869.98,1149870.02,0.0
2024-07-18 04:14:20+00:00,btc_mxn,1149869.98,1149870.02,0.0
2024-07-18 04:14:21+00:00,btc_mxn,1149869.98,1149870.02,0.0
2024-07-18 04:14:22+00:00,btc_mxn,1149869.98,1149870.02,0.0
2024-07-18 04:14:23+00:00,btc_mxn,1149869.98,1149870.02,0.0
2024-07-18 04:14:25+00:00,btc_mxn,1149869.98,1149870.02,0.0
2024-07-18 04:14:26+00:00,btc_mxn,1149869.98,1149870.02,0.0
2024-07-18 04:14:27+00:00,btc_mxn,1149869.98,1149870.02,0.0
2024-07-18 04:14:28+00:00,btc_mxn,1149869.98,1149870.02,0.0
2024-07-18 04:14:29+00:00,btc_mxn,1149869.98,1149870.02,0.0
2024-07-18 04:14:30+00:00,btc_mxn,1149869.98,1149870.02,0.0
2024-07-18 04:14:31+00:00,btc_mxn,1149869.98,1149870.02,0.0
2024-07-18 04:14:32+00:00,btc_mxn,1149869.98,1149870.02,0.0
2024-07-18 04:14:33+00:00,btc_mxn,1149869.98,1149870.02,0.0
2024-07-18 04:14:34+00:00,btc_mxn,1149869.98,1149870.02,0.0
2024-07-18 04:14:35+00:00,btc_mxn,1149869.98,1149870.02,0.0
2024-07-18 04:14:36+00:00,btc_mxn,1149869.98,1149870.02,0.0
2024-07-18 04:14:37+00:00,btc_mxn,1149869.98,1149870.02,0.0
2024-07-18 04:14:38+00:00,btc_mxn,1149869.98,1149870.02,0.0
2024-07-18 04:14:39+00:00,btc_mxn,1149869.98,1149870.02,0.0
2024-07-18 04:14:40+00:00,btc_mxn,1149869.98,1149870.02,0.0
2024-07-18 04:14:41+00:00,btc_mxn,1149869.98,1149870.02,0.0
2024-07-18 04:14:42+00:00,btc_mxn,1149869.98,1149870.02,0.0
2024-07-18 04:14:43+00:00,btc_mxn,1149869.98,1149870.02,0.0
2024-07-18 04:14:44+00:00,btc_mxn,1149869.98,1149870.02,0.0
2024-07-18 04:14:45+00:00,btc_mxn,1149869.98,1149870.02,0.0
2024-07-18 04:14:46+00:00,btc_mxn,1149869.98,1149870.02,0.0
2024-07-18 04:14:47+00:00,btc_mxn,1149869.98,1149870.02,0.0
2024-07-18 04:14:48+00:00,btc_mxn,1149869.98,1149870.02,0.0
2024-07-18 04:14:49+00:00,btc_mxn,1149869.98,1149870.02,0.0
2024-07-18 04:14:50+00:00,btc_mxn,1149869.98,1149870.02,0.0
2024-07-18 04:14:51+00:00,btc_mxn,1149869.98,1149870.02,0.0
2024-07-18 04:14:52+00:00,btc_mxn,1149869.98,1149870.02,0.0
2024-07-18 04:14:53+00:00,btc_mxn,1149869.98,1149870.02,0.0
2024-07-18 04:14:54+00:00,btc_mxn,1149869.98,1149870.02,0.0
2024-07-18 04:14:55+00:00,btc_mxn,1149869.98,1149870.02,0.0
2024-07-18 04:14:56+00:00,btc_mxn,1149869.98,1149870.02,0.0
2024-07-18 04:14:57+00:00,btc_mxn,1149869.98,1149870.02,0.0
2024-07-18 04:14:58+00:00,btc_mxn,1149869.98,1149870.02,0.0
2024-07-18 04:14:59+00:00,btc_mxn,1149869.98,1149870.02,0.0
2024-07-18 04:15:00+00:00,btc_mxn,1149869.98,1149870.02,0.0
2024-07-18 04:15:01+00:00,btc_mxn,1149869.98,1149870.02,0.0
2024-07-18 04:15:02+00:00,btc_mxn,1149869.98,1149870.02,0.0
2024-07-18 04:15:03+00:00,btc_mxn,1149869.98,1149870.02,0.0
2024-07-18 04:15:04+00:00,btc_mxn,1149869.98,1149870.02,0.0
2024-07-18 04:15:05+00:00,btc_mxn,1149869.98,1149870.02,0.0
2024-07-18 04:15:06+00:00,btc_mxn,1149869.98,1149870.02,0.0
2024-07-18 04:15:07+00:00,btc_mxn,1149869.98,1149870.02,0.0
2024-07-18 04:15:08+00:00,btc_mxn,1149869.98,1149870.02,0.0
2024-07-18 04:15:09+00:00,btc_mxn,1149869.98,1149870.02,0.0
2024-07-18 04:15:10+00:00,btc_mxn,1149869.98,1149870.02,0.0
2024-07-18 04:15:11+00:00,btc_mxn,1149869.98,1149870.02,0.0
2024-07-18 04:15:12+00:00,btc_mxn,1149869.98,1149870.02,0.0
2024-07-18 04:15:13+00:00,btc_mxn,1149869.98,1149870.02,0.0
2024-07-18 04:15:14+00:00,btc_mxn,1149869.98,1149870.02,0.0
2024-07-18 04:15:15+00:00,btc_mxn,1149869.98,1149870.02,0.0
2024-07-18 04:15:16+00:00,btc_mxn,1149869.98,1149870.02,0.0
2024-07-18 04:15:17+00:00,btc_mxn,1149869.98,1149870.02,0.0
2024-07-18 04:15:18+00:00,btc_mxn,1149869.98,1149870.02,0.0
2024-07-18 04:15:19+00:00,btc_mxn,1149869.98,1149870.02,0.0
2024-07-18 04:15:20+00:00,btc_mxn,1149869.98,1149870.02,0.0
2024-07-18 04:15:21+00:00,btc_mxn,1149869.98,1149870.02,0.0
2024-07-18 04:15:22+00:00,btc_mxn,1149869.98,1149870.02,0.0
2024-07-18 04:15:23+00:00,btc_mxn,1149869.98,1149870.02,0.0
2024-07-18 04:15:24+00:00,btc_mxn,1149869.98,1149870.02,0.0
2024-07-18 04:15:25+00:00,btc_mxn,1149869.98,1149870.02,0.0
2024-07-18 04:15:26+00:00,btc_mxn,1149869.98,1149870.02,0.0
2024-07-18 04:15:27+00:00,btc_mxn,1149869.98,1149870.02,0.0
2024-07-18 04:15:28+00:00,btc_mxn,1149869.98,1149870.02,0.0
2024-07-18 04:15:29+00:00,btc_mxn,1149869.98,1149870.02,0.0
2024-07-18 04:15:30+00:00,btc_mxn,1149869.98,1149870.02,0.0
2024-07-18 04:15:31+00:00,btc_mxn,1149869.98,1149870.02,0.0
2024-07-18 04:15:32+00:00,btc_mxn,1149869.98,1149870.02,0.0
2024-07-18 04:15:34+00:00,btc_mxn,1149869.98,1149870.02,0.0
2024-07-18 04:15:34+00:00,btc_mxn,1149869.98,1149870.02,0.0
2024-07-18 04:15:36+00:00,btc_mxn,1149869.98,1149870.02,0.0
2024-07-18 04:15:37+00:00,btc_mxn,1149869.98,1149870.02,0.0
2024-07-18 04:15:38+00:00,btc_mxn,1149869.98,1149870.02,0.0
2024-07-18 04:15:39+00:00,btc_mxn,1149869.98,1149870.02,0.0
2024-07-18 04:15:40+00:00,btc_mxn,1149869.98,1149870.02,0.0
2024-07-18 04:15:41+00:00,btc_mxn,1149869.98,1149870.02,0.0
2024-07-18 04:15:42+00:00,btc_mxn,1149869.98,1149870.02,0.0
2024-07-18 04:15:43+00:00,btc_mxn,1149869.98,1149870.02,0.0
2024-07-18 04:15:44+00:00,btc_mxn,1149869.98,1149870.02,0.0
2024-07-18 04:15:45+00:00,btc_mxn,1147529.98,1147530.02,0.0
2024-07-18 04:15:46+00:00,btc_mxn,1147529.98,1147530.02,0.0
2024-07-18 04:15:47+00:00,btc_mxn,1147529.98,1147530.02,0.0
2024-07-18 04:15:48+00:00,btc_mxn,1147529.98,1147530.02,0.0
2024-07-18 04:15:49+00:00,btc_mxn,1147529.98,1147530.02,0.0
2024-07-18 04:15:50+00:00,btc_mxn,1147529.98,1147530.02,0.0
2024-07-18 04:15:51+00:00,btc_mxn,1147529.98,1147530.02,0.0
2024-07-18 04:15:52+00:00,btc_mxn,1147529.98,1147530.02,0.0
2024-07-18 04:15:53+00:00,btc_mxn,1147529.98,1147530.02,0.0
2024-07-18 04:15:54+00:00,btc_mxn,1147529.98,1147530.02,0.0
2024-07-18 04:15:55+00:00,btc_mxn,1147529.98,1147530.02,0.0
2024-07-18 04:15:56+00:00,btc_mxn,1147529.98,1147530.02,0.0
2024-07-18 04:15:57+00:00,btc_mxn,1147529.98,1147530.02,0.0
2024-07-18 04:15:58+00:00,btc_mxn,1147529.98,1147530.02,0.0
2024-07-18 04:15:59+00:00,btc_mxn,1147529.98,1147530.02,0.0
2024-07-18 04:16:00+00:00,btc_mxn,1147529.98,1147530.02,0.0
2024-07-18 04:16:01+00:00,btc_mxn,1147529.98,1147530.02,0.0
2024-07-18 04:16:02+00:00,btc_mxn,1147529.98,1147530.02,0.0
2024-07-18 04:16:03+00:00,btc_mxn,1147529.98,1147530.02,0.0
2024-07-18 04:16:04+00:00,btc_mxn,1147529.98,1147530.02,0.0
2024-07-18 04:16:05+00:00,btc_mxn,1147529.98,1147530.02,0.0
2024-07-18 04:16:06+00:00,btc_mxn,1147529.98,1147530.02,0.0
2024-07-18 04:16:07+00:00,btc_mxn,1147529.98,1147530.02,0.0
2024-07-18 04:16:08+00:00,btc_mxn,1147529.98,1147530.02,0.0
2024-07-18 04:16:09+00:00,btc_mxn,1147529.98,1147530.02,0.0
2024-07-18 04:16:10+00:00,btc_mxn,1147529.98,1147530.02,0.0
2024-07-18 04:16:11+00:00,btc_mxn,1147529.98,1147530.02,0.0
2024-07-18 04:16:12+00:00,btc_mxn,1147529.98,1147530.02,0.0
2024-07-18 04:16:13+00:00,btc_mxn,1147529.98,1147530.02,0.0
2024-07-18 04:16:14+00:00,btc_mxn,1147529.98,1147530.02,0.0
2024-07-18 04:16:15+00:00,btc_mxn,1147529.98,1147530.02,0.0
2024-07-18 04:16:16+00:00,btc_mxn,1147529.98,1147530.02,0.0
2024-07-18 04:16:17+00:00,btc_mxn,1147529.98,1147530.02,0.0
2024-07-18 04:16:18+00:00,btc_mxn,1147529.98,1147530.02,0.0
2024-07-18 04:16:19+00:00,btc_mxn,1147529.98,1147530.02,0.0
2024-07-18 04:16:20+00:00,btc_mxn,1147529.98,1147530.02,0.0
2024-07-18 04:16:21+00:00,btc_mxn,1147529.98,1147530.02,0.0
2024-07-18 04:16:22+00:00,btc_mxn,1147529.98,1147530.02,0.0
2024-07-18 04:16:23+00:00,btc_mxn,1147529.98,1147530.02,0.0
2024-07-18 04:16:24+00:00,btc_mxn,1147529.98,1147530.02,0.0
2024-07-18 04:16:25+00:00,btc_mxn,1147529.98,1147530.02,0.0
2024-07-18 04:16:26+00:00,btc_mxn,1147529.98,1147530.02,0.0
2024-07-18 04:16:27+00:00,btc_mxn,1147529.98,1147530.02,0.0
2024-07-18 04:16:28+00:00,btc_mxn,1147529.98,1147530.02,0.0
2024-07-18 04:16:29+00:00,btc_mxn,1147529.98,1147530.02,0.0
2024-07-18 04:16:30+00:00,btc_mxn,1147529.98,1147530.02,0.0
2024-07-18 04:16:31+00:00,btc_mxn,1147529.98,1147530.02,0.0
2024-07-18 04:16:32+00:00,btc_mxn,1147529.98,1147530.02,0.0
2024-07-18 04:16:33+00:00,btc_mxn,1147529.98,1147530.02,0.0
2024-07-18 04:16:34+00:00,btc_mxn,1147529.98,1147530.02,0.0
2024-07-18 04:16:35+00:00,btc_mxn,1147529.98,1147530.02,0.0
2024-07-18 04:16:36+00:00,btc_mxn,1147529.98,1147530.02,0.0
2024-07-18 04:16:37+00:00,btc_mxn,1147529.98,1147530.02,0.0
2024-07-18 04:16:38+00:00,btc_mxn,1147529.98,1147530.02,0.0
2024-07-18 04:16:39+00:00,btc_mxn,1147529.98,1147530.02,0.0
2024-07-18 04:16:40+00:00,btc_mxn,1147529.98,1147530.02,0.0
2024-07-18 04:16:41+00:00,btc_mxn,1147529.98,1147530.02,0.0
2024-07-18 04:16:42+00:00,btc_mxn,1147529.98,1147530.02,0.0
2024-07-18 04:16:43+00:00,btc_mxn,1147529.98,1147530.02,0.0
2024-07-18 04:16:44+00:00,btc_mxn,1147529.98,1147530.02,0.0
2024-07-18 04:16:45+00:00,btc_mxn,1147529.98,1147530.02,0.0
2024-07-18 04:16:46+00:00,btc_mxn,1147529.98,1147530.02,0.0
2024-07-18 04:16:47+00:00,btc_mxn,1147529.98,1147530.02,0.0
2024-07-18 04:16:48+00:00,btc_mxn,1147529.98,1147530.02,0.0
2024-07-18 04:16:50+00:00,btc_mxn,1147529.98,1147530.02,0.0
2024-07-18 04:16:51+00:00,btc_mxn,1147529.98,1147530.02,0.0
2024-07-18 04:16:52+00:00,btc_mxn,1147529.98,1147530.02,0.0
2024-07-18 04:16:53+00:00,btc_mxn,1147529.98,1147530.02,0.0
2024-07-18 04:16:54+00:00,btc_mxn,1147529.98,1147530.02,0.0
2024-07-18 04:16:55+00:00,btc_mxn,1147529.98,1147530.02,0.0
2024-07-18 04:16:56+00:00,btc_mxn,1147529.98,1147530.02,0.0
2024-07-18 04:16:57+00:00,btc_mxn,1147529.98,1147530.02,0.0
2024-07-18 04:16:58+00:00,btc_mxn,1147529.98,1147530.02,0.0
2024-07-18 04:16:59+00:00,btc_mxn,1147529.98,1147530.02,0.0
2024-07-18 04:17:00+00:00,btc_mxn,1147529.98,1147530.02,0.0
2024-07-18 04:17:01+00:00,btc_mxn,1147529.98,1147530.02,0.0
2024-07-18 04:17:02+00:00,btc_mxn,1147529.98,1147530.02,0.0
2024-07-18 04:17:03+00:00,btc_mxn,1147529.98,1147530.02,0.0
2024-07-18 04:17:04+00:00,btc_mxn,1147529.98,1147530.02,0.0
2024-07-18 04:17:05+00:00,btc_mxn,1147529.98,1147530.02,0.0
2024-07-18 04:17:06+00:00,btc_mxn,1147529.98,1147530.02,0.0
2024-07-18 04:17:07+00:00,btc_mxn,1147529.98,1147530.02,0.0
2024-07-18 04:17:08+00:00,btc_mxn,1147529.98,1147530.02,0.0
2024-07-18 04:17:09+00:00,btc_mxn,1147529.98,1147530.02,0.0
2024-07-18 04:17:10+00:00,btc_mxn,1147529.98,1147530.02,0.0
2024-07-18 04:17:11+00:00,btc_mxn,1147529.98,1147530.02,0.0
2024-07-18 04:17:12+00:00,btc_mxn,1147529.98,1147530.02,0.0
2024-07-18 04:17:13+00:00,btc_mxn,1147529.98,1147530.02,0.0
2024-07-18 04:17:14+00:00,btc_mxn,1147529.98,1147530.02,0.0
2024-07-18 04:17:15+00:00,btc_mxn,1147529.98,1147530.02,0.0
2024-07-18 04:17:16+00:00,btc_mxn,1147529.98,1147530.02,0.0
2024-07-18 04:17:17+00:00,btc_mxn,1147529.98,1147530.02,0.0
2024-07-18 04:17:18+00:00,btc_mxn,1147529.98,1147530.02,0.0
2024-07-18 04:17:19+00:00,btc_mxn,1147529.98,1147530.02,0.0
2024-07-18 04:17:20+00:00,btc_mxn,1147529.98,1147530.02,0.0
2024-07-18 04:17:21+00:00,btc_mxn,1147529.98,1147530.02,0.0
2024-07-18 04:17:22+00:00,btc_mxn,1147529.98,1147530.02,0.0
2024-07-18 04:17:23+00:00,btc_mxn,1147529.98,1147530.02,0.0
2024-07-18 04:17:24+00:00,btc_mxn,1147529.98,1147530.02,0.0
2024-07-18 04:17:25+00:00,btc_mxn,1147529.98,1147530.02,0.0
2024-07-18 04:17:26+00:00,btc_mxn,1147529.98,1147530.02,0.0
2024-07-18 04:17:27+00:00,btc_mxn,1147529.98,1147530.02,0.0
2024-07-18 04:17:28+00:00,btc_mxn,1147529.98,1147530.02,0.0
2024-07-18 04:17:29+00:00,btc_mxn,1147529.98,1147530.02,0.0
2024-07-18 04:17:30+00:00,btc_mxn,1147529.98,1147530.02,0.0
2024-07-18 04:17:31+00:00,btc_mxn,1147529.98,1147530.02,0.0
2024-07-18 04:17:32+00:00,btc_mxn,1147529.98,1147530.02,0.0
2024-07-18 04:17:33+00:00,btc_mxn,1147529.98,1147530.02,0.0
2024-07-18 04:17:34+00:00,btc_mxn,1147529.98,1147530.02,0.0
2024-07-18 04:17:35+00:00,btc_mxn,1147529.98,1147530.02,0.0
2024-07-18 04:17:36+00:00,btc_mxn,1147529.98,1147530.02,0.0
2024-07-18 04:17:37+00:00,btc_mxn,1147529.98,1147530.02,0.0
2024-07-18 04:17:38+00:00,btc_mxn,1147529.98,1147530.02,0.0
2024-07-18 04:17:39+00:00,btc_mxn,1147529.98,1147530.02,0.0
2024-07-18 04:17:40+00:00,btc_mxn,1147529.98,1147530.02,0.0
2024-07-18 04:17:41+00:00,btc_mxn,1147529.98,1147530.02,0.0
2024-07-18 04:17:42+00:00,btc_mxn,1147529.98,1147530.02,0.0
2024-07-18 04:17:43+00:00,btc_mxn,1147529.98,1147530.02,0.0
2024-07-18 04:17:44+00:00,btc_mxn,1147529.98,1147530.02,0.0
2024-07-18 04:17:45+00:00,btc_mxn,1147529.98,1147530.02,0.0
2024-07-18 04:17:46+00:00,btc_mxn,1147529.98,1147530.02,0.0
2024-07-18 04:17:47+00:00,btc_mxn,1147529.98,1147530.02,0.0
2024-07-18 04:17:48+00:00,btc_mxn,1147529.98,1147530.02,0.0
2024-07-18 04:17:49+00:00,btc_mxn,1147529.98,1147530.02,0.0
2024-07-18 04:17:50+00:00,btc_mxn,1147529.98,1147530.02,0.0
2024-07-18 04:17:51+00:00,btc_mxn,1147529.98,1147530.02,0.0
2024-07-18 04:17:52+00:00,btc_mxn,1147529.98,1147530.02,0.0
2024-07-18 04:17:53+00:00,btc_mxn,1147529.98,1147530.02,0.0
2024-07-18 04:17:54+00:00,btc_mxn,1147529.98,1147530.02,0.0
2024-07-18 04:17:55+00:00,btc_mxn,1147529.98,1147530.02,0.0
2024-07-18 04:17:56+00:00,btc_mxn,1147529.98,1147530.02,0.0
2024-07-18 04:17:57+00:00,btc_mxn,1147529.98,1147530.02,0.0
2024-07-18 04:17:58+00:00,btc_mxn,1147529.98,1147530.02,0.0
2024-07-18 04:17:59+00:00,btc_mxn,1147529.98,1147530.02,0.0
2024-07-18 04:18:00+00:00,btc_mxn,1147529.98,1147530.02,0.0
2024-07-18 04:18:02+00:00,btc_mxn,1147529.98,1147530.02,0.0
2024-07-18 04:18:02+00:00,btc_mxn,1147529.98,1147530.02,0.0
2024-07-18 04:18:03+00:00,btc_mxn,1147529.98,1147530.02,0.0
2024-07-18 04:18:05+00:00,btc_mxn,1147529.98,1147530.02,0.0
2024-07-18 04:18:06+00:00,btc_mxn,1147529.98,1147530.02,0.0
2024-07-18 04:18:07+00:00,btc_mxn,1147529.98,1147530.02,0.0
2024-07-18 04:18:08+00:00,btc_mxn,1147529.98,1147530.02,0.0
2024-07-18 04:18:09+00:00,btc_mxn,1147529.98,1147530.02,0.0
2024-07-18 04:18:10+00:00,btc_mxn,1147529.98,1147530.02,0.0
2024-07-18 04:18:11+00:00,btc_mxn,1147529.98,1147530.02,0.0
2024-07-18 04:18:12+00:00,btc_mxn,1147529.98,1147530.02,0.0
2024-07-18 04:18:13+00:00,btc_mxn,1147529.98,1147530.02,0.0
2024-07-18 04:18:14+00:00,btc_mxn,1147529.98,1147530.02,0.0
2024-07-18 04:18:15+00:00,btc_mxn,1147529.98,1147530.02,0.0
2024-07-18 04:18:16+00:00,btc_mxn,1147529.98,1147530.02,0.0
2024-07-18 04:18:17+00:00,btc_mxn,1147529.98,1147530.02,0.0
2024-07-18 04:18:18+00:00,btc_mxn,1147529.98,1147530.02,0.0
2024-07-18 04:18:19+00:00,btc_mxn,1147529.98,1147530.02,0.0
2024-07-18 04:18:20+00:00,btc_mxn,1147529.98,1147530.02,0.0
2024-07-18 04:18:21+00:00,btc_mxn,1147529.98,1147530.02,0.0
2024-07-18 04:18:22+00:00,btc_mxn,1147529.98,1147530.02,0.0
2024-07-18 04:18:23+00:00,btc_mxn,1147529.98,1147530.02,0.0
2024-07-18 04:18:24+00:00,btc_mxn,1147529.98,1147530.02,0.0
2024-07-18 04:18:25+00:00,btc_mxn,1147529.98,1147530.02,0.0
2024-07-18 04:18:26+00:00,btc_mxn,1147529.98,1147530.02,0.0
2024-07-18 04:18:27+00:00,btc_mxn,1147529.98,1147530.02,0.0
2024-07-18 04:18:28+00:00,btc_mxn,1147529.98,1147530.02,0.0
2024-07-18 04:18:29+00:00,btc_mxn,1147529.98,1147530.02,0.0
2024-07-18 04:18:30+00:00,btc_mxn,1147529.98,1147530.02,0.0
2024-07-18 04:18:31+00:00,btc_mxn,1147529.98,1147530.02,0.0
2024-07-18 04:18:32+00:00,btc_mxn,1147529.98,1147530.02,0.0
2024-07-18 04:18:33+00:00,btc_mxn,1147529.98,1147530.02,0.0
2024-07-18 04:18:34+00:00,btc_mxn,1147529.98,1147530.02,0.0
2024-07-18 04:18:35+00:00,btc_mxn,1147529.98,1147530.02,0.0
2024-07-18 04:18:36+00:00,btc_mxn,1147529.98,1147530.02,0.0
2024-07-18 04:18:37+00:00,btc_mxn,1147529.98,1147530.02,0.0
2024-07-18 04:18:38+00:00,btc_mxn,1147529.98,1147530.02,0.0
2024-07-18 04:18:39+00:00,btc_mxn,1147529.98,1147530.02,0.0
2024-07-18 04:18:40+00:00,btc_mxn,1147529.98,1147530.02,0.0
2024-07-18 04:18:41+00:00,btc_mxn,1147529.98,1147530.02,0.0
2024-07-18 04:18:42+00:00,btc_mxn,1147529.98,1147530.02,0.0
2024-07-18 04:18:43+00:00,btc_mxn,1147529.98,1147530.02,0.0
2024-07-18 04:18:44+00:00,btc_mxn,1147529.98,1147530.02,0.0
2024-07-18 04:18:45+00:00,btc_mxn,1147529.98,1147530.02,0.0
2024-07-18 04:18:46+00:00,btc_mxn,1147529.98,1147530.02,0.0
2024-07-18 04:18:47+00:00,btc_mxn,1147529.98,1147530.02,0.0
2024-07-18 04:18:48+00:00,btc_mxn,1147529.98,1147530.02,0.0
2024-07-18 04:18:49+00:00,btc_mxn,1147529.98,1147530.02,0.0
2024-07-18 04:18:50+00:00,btc_mxn,1147529.98,1147530.02,0.0
2024-07-18 04:18:51+00:00,btc_mxn,1147529.98,1147530.02,0.0
2024-07-18 04:18:52+00:00,btc_mxn,1147529.98,1147530.02,0.0
2024-07-18 04:18:53+00:00,btc_mxn,1147529.98,1147530.02,0.0
2024-07-18 04:18:54+00:00,btc_mxn,1147529.98,1147530.02,0.0
2024-07-18 04:18:55+00:00,btc_mxn,1147529.98,1147530.02,0.0
2024-07-18 04:18:56+00:00,btc_mxn,1147529.98,1147530.02,0.0
2024-07-18 04:18:57+00:00,btc_mxn,1147529.98,1147530.02,0.0
2024-07-18 04:18:58+00:00,btc_mxn,1147529.98,1147530.02,0.0
2024-07-18 04:18:59+00:00,btc_mxn,1147529.98,1147530.02,0.0
2024-07-18 04:19:00+00:00,btc_mxn,1147529.98,1147530.02,0.0
2024-07-18 04:19:01+00:00,btc_mxn,1147529.98,1147530.02,0.0
2024-07-18 04:19:02+00:00,btc_mxn,1147529.98,1147530.02,0.0
2024-07-18 04:19:03+00:00,btc_mxn,1147529.98,1147530.02,0.0
2024-07-18 04:19:04+00:00,btc_mxn,1147529.98,1147530.02,0.0
2024-07-18 04:19:05+00:00,btc_mxn,1147529.98,1147530.02,0.0
2024-07-18 04:19:06+00:00,btc_mxn,1147529.98,1147530.02,0.0
2024-07-18 04:19:07+00:00,btc_mxn,1147529.98,1147530.02,0.0
2024-07-18 04:19:08+00:00,btc_mxn,1147529.98,1147530.02,0.0
2024-07-18 04:19:09+00:00,btc_mxn,1147529.98,1147530.02,0.0
2024-07-18 04:19:10+00:00,btc_mxn,1147529.98,1147530.02,0.0
2024-07-18 04:19:11+00:00,btc_mxn,1147529.98,1147530.02,0.0
2024-07-18 04:19:12+00:00,btc_mxn,1147529.98,1147530.02,0.0
2024-07-18 04:19:13+00:00,btc_mxn,1147529.98,1147530.02,0.0
2024-07-18 04:19:14+00:00,btc_mxn,1147529.98,1147530.02,0.0
2024-07-18 04:19:15+00:00,btc_mxn,1147529.98,1147530.02,0.0
2024-07-18 04:19:16+00:00,btc_mxn,1147529.98,1147530.02,0.0
2024-07-18 04:19:17+00:00,btc_mxn,1147529.98,1147530.02,0.0
2024-07-18 04:19:18+00:00,btc_mxn,1147529.98,1147530.02,0.0
2024-07-18 04:19:19+00:00,btc_mxn,1147529.98,1147530.02,0.0
2024-07-18 04:19:20+00:00,btc_mxn,1147529.98,1147530.02,0.0
2024-07-18 04:19:22+00:00,btc_mxn,1147529.98,1147530.02,0.0
2024-07-18 04:19:23+00:00,btc_mxn,1147529.98,1147530.02,0.0
2024-07-18 04:19:24+00:00,btc_mxn,1147529.98,1147530.02,0.0
2024-07-18 04:19:25+00:00,btc_mxn,1147529.98,1147530.02,0.0
2024-07-18 04:19:26+00:00,btc_mxn,1147529.98,1147530.02,0.0
2024-07-18 04:19:27+00:00,btc_mxn,1147529.98,1147530.02,0.0
2024-07-18 04:19:28+00:00,btc_mxn,1147529.98,1147530.02,0.0
2024-07-18 04:19:29+00:00,btc_mxn,1147529.98,1147530.02,0.0
2024-07-18 04:19:30+00:00,btc_mxn,1147529.98,1147530.02,0.0
2024-07-18 04:19:31+00:00,btc_mxn,1147529.98,1147530.02,0.0
2024-07-18 04:19:32+00:00,btc_mxn,1147529.98,1147530.02,0.0
2024-07-18 04:19:33+00:00,btc_mxn,1147529.98,1147530.02,0.0
2024-07-18 04:19:34+00:00,btc_mxn,1147529.98,1147530.02,0.0
2024-07-18 04:19:35+00:00,btc_mxn,1147529.98,1147530.02,0.0
2024-07-18 04:19:36+00:00,btc_mxn,1147529.98,1147530.02,0.0
2024-07-18 04:19:37+00:00,btc_mxn,1147529.98,1147530.02,0.0
2024-07-18 04:19:38+00:00,btc_mxn,1147529.98,1147530.02,0.0
2024-07-18 04:19:39+00:00,btc_mxn,1147529.98,1147530.02,0.0
2024-07-18 04:19:40+00:00,btc_mxn,1147529.98,1147530.02,0.0
2024-07-18 04:19:41+00:00,btc_mxn,1147529.98,1147530.02,0.0
2024-07-18 04:19:42+00:00,btc_mxn,1147529.98,1147530.02,0.0
2024-07-18 04:19:43+00:00,btc_mxn,1147529.98,1147530.02,0.0
2024-07-18 04:19:44+00:00,btc_mxn,1147529.98,1147530.02,0.0
2024-07-18 04:19:45+00:00,btc_mxn,1147529.98,1147530.02,0.0
2024-07-18 04:19:46+00:00,btc_mxn,1147529.98,1147530.02,0.0
2024-07-18 04:19:47+00:00,btc_mxn,1147529.98,1147530.02,0.0
2024-07-18 04:19:48+00:00,btc_mxn,1147529.98,1147530.02,0.0
2024-07-18 04:19:49+00:00,btc_mxn,1147529.98,1147530.02,0.0
2024-07-18 04:19:50+00:00,btc_mxn,1147529.98,1147530.02,0.0
2024-07-18 04:19:51+00:00,btc_mxn,1147529.98,1147530.02,0.0
2024-07-18 04:19:52+00:00,btc_mxn,1147529.98,1147530.02,0.0
2024-07-18 04:19:53+00:00,btc_mxn,1147529.98,1147530.02,0.0
2024-07-18 04:19:54+00:00,btc_mxn,1147529.98,1147530.02,0.0
2024-07-18 04:19:55+00:00,btc_mxn,1147529.98,1147530.02,0.0
2024-07-18 04:19:56+00:00,btc_mxn,1147529.98,1147530.02,0.0
2024-07-18 04:19:57+00:00,btc_mxn,1147529.98,1147530.02,0.0
2024-07-18 04:19:58+00:00,btc_mxn,1147529.98,1147530.02,0.0
2024-07-18 04:19:59+00:00,btc_mxn,1147529.98,1147530.02,0.0
2024-07-18 04:20:00+00:00,btc_mxn,1147529.98,1147530.02,0.0
2024-07-18 04:20:01+00:00,btc_mxn,1147529.98,1147530.02,0.0
2024-07-18 04:20:02+00:00,btc_mxn,1147529.98,1147530.02,0.0
2024-07-18 04:20:03+00:00,btc_mxn,1147529.98,1147530.02,0.0
2024-07-18 04:20:04+00:00,btc_mxn,1147529.98,1147530.02,0.0
2024-07-18 04:20:05+00:00,btc_mxn,1147529.98,1147530.02,0.0
2024-07-18 04:20:06+00:00,btc_mxn,1147529.98,1147530.02,0.0
2024-07-18 04:20:07+00:00,btc_mxn,1147529.98,1147530.02,0.0
2024-07-18 04:20:08+00:00,btc_mxn,1147529.98,1147530.02,0.0
2024-07-18 04:20:09+00:00,btc_mxn,1147529.98,1147530.02,0.0
2024-07-18 04:20:10+00:00,btc_mxn,1147529.98,1147530.02,0.0
2024-07-18 04:20:11+00:00,btc_mxn,1147529.98,1147530.02,0.0
2024-07-18 04:20:12+00:00,btc_mxn,1147529.98,1147530.02,0.0
2024-07-18 04:20:13+00:00,btc_mxn,1147529.98,1147530.02,0.0
2024-07-18 04:20:14+00:00,btc_mxn,1147529.98,1147530.02,0.0
2024-07-18 04:20:15+00:00,btc_mxn,1147529.98,1147530.02,0.0
2024-07-18 04:20:16+00:00,btc_mxn,1147529.98,1147530.02,0.0
2024-07-18 04:20:18+00:00,btc_mxn,1147529.98,1147530.02,0.0
2024-07-18 04:20:19+00:00,btc_mxn,1147529.98,1147530.02,0.0
2024-07-18 04:20:19+00:00,btc_mxn,1147529.98,1147530.02,0.0
2024-07-18 04:20:20+00:00,btc_mxn,1147529.98,1147530.02,0.0
2024-07-18 04:20:22+00:00,btc_mxn,1147529.98,1147530.02,0.0
2024-07-18 04:20:23+00:00,btc_mxn,1147529.98,1147530.02,0.0
2024-07-18 04:20:24+00:00,btc_mxn,1147529.98,1147530.02,0.0
2024-07-18 04:20:25+00:00,btc_mxn,1147529.98,1147530.02,0.0
2024-07-18 04:20:26+00:00,btc_mxn,1147529.98,1147530.02,0.0
2024-07-18 04:20:27+00:00,btc_mxn,1147529.98,1147530.02,0.0
2024-07-18 04:20:28+00:00,btc_mxn,1147529.98,1147530.02,0.0
2024-07-18 04:20:29+00:00,btc_mxn,1147529.98,1147530.02,0.0
2024-07-18 04:20:30+00:00,btc_mxn,1147529.98,1147530.02,0.0
2024-07-18 04:20:31+00:00,btc_mxn,1147529.98,1147530.02,0.0
2024-07-18 04:20:32+00:00,btc_mxn,1147529.98,1147530.02,0.0
2024-07-18 04:20:33+00:00,btc_mxn,1147529.98,1147530.02,0.0
2024-07-18 04:20:34+00:00,btc_mxn,1147529.98,1147530.02,0.0
2024-07-18 04:20:35+00:00,btc_mxn,1147529.98,1147530.02,0.0
2024-07-18 04:20:36+00:00,btc_mxn,1147529.98,1147530.02,0.0
2024-07-18 04:20:37+00:00,btc_mxn,1147529.98,1147530.02,0.0
2024-07-18 04:20:38+00:00,btc_mxn,1147529.98,1147530.02,0.0
2024-07-18 04:20:39+00:00,btc_mxn,1147529.98,1147530.02,0.0
2024-07-18 04:20:40+00:00,btc_mxn,1147529.98,1147530.02,0.0
