orderbook_timestamp,book,bid,ask,spread
2024-07-18 16:55:37+00:00,btc_mxn,1137350.0,1140650.0,0.289
2024-07-18 16:55:38+00:00,btc_mxn,1137350.0,1140650.0,0.289
2024-07-18 16:55:39+00:00,btc_mxn,1137350.0,1140650.0,0.289
2024-07-18 16:55:40+00:00,btc_mxn,1137350.0,1140650.0,0.289
2024-07-18 16:55:41+00:00,btc_mxn,1137350.0,1140650.0,0.289
2024-07-18 16:55:42+00:00,btc_mxn,1137350.0,1140650.0,0.289
2024-07-18 16:55:43+00:00,btc_mxn,1137350.0,1140650.0,0.289
2024-07-18 16:55:44+00:00,btc_mxn,1137350.0,1140650.0,0.289
2024-07-18 16:55:45+00:00,btc_mxn,1137350.0,1140650.0,0.289
2024-07-18 16:55:46+00:00,btc_mxn,1137350.0,1140650.0,0.289
2024-07-18 16:55:47+00:00,btc_mxn,1137350.0,1140650.0,0.289
2024-07-18 16:55:48+00:00,btc_mxn,1137350.0,1140650.0,0.289
2024-07-18 16:55:49+00:00,btc_mxn,1137350.0,1140650.0,0.289
2024-07-18 16:55:50+00:00,btc_mxn,1137350.0,1140650.0,0.289
2024-07-18 16:55:51+00:00,btc_mxn,1137350.0,1140650.0,0.289
2024-07-18 16:55:52+00:00,btc_mxn,1137350.0,1140650.0,0.289
2024-07-18 16:55:53+00:00,btc_mxn,1137350.0,1140650.0,0.289
2024-07-18 16:55:54+00:00,btc_mxn,1137350.0,1140650.0,0.289
2024-07-18 16:55:55+00:00,btc_mxn,1137350.0,1140650.0,0.289
2024-07-18 16:55:56+00:00,btc_mxn,1137350.0,1140650.0,0.289
2024-07-18 16:55:57+00:00,btc_mxn,1137350.0,1140650.0,0.289
2024-07-18 16:55:58+00:00,btc_mxn,1137350.0,1140650.0,0.289
2024-07-18 16:55:59+00:00,btc_mxn,1137350.0,1140650.0,0.289
2024-07-18 16:56:00+00:00,btc_mxn,1137350.0,1140650.0,0.289
2024-07-18 16:56:01+00:00,btc_mxn,1137350.0,1140650.0,0.289
2024-07-18 16:56:02+00:00,btc_mxn,1137350.0,1140650.0,0.289
2024-07-18 16:56:03+00:00,btc_mxn,1137350.0,1140650.0,0.289
2024-07-18 16:56:04+00:00,btc_mxn,1140679.98,1140680.0,0.0
2024-07-18 16:56:05+00:00,btc_mxn,1140679.98,1140680.0,0.0
2024-07-18 16:56:06+00:00,btc_mxn,1140679.98,1140680.0,0.0
2024-07-18 16:56:07+00:00,btc_mxn,1140679.98,1140680.0,0.0
2024-07-18 16:56:08+00:00,btc_mxn,1140679.98,1140680.0,0.0
2024-07-18 16:56:09+00:00,btc_mxn,1140679.98,1140680.0,0.0
2024-07-18 16:56:10+00:00,btc_mxn,1140679.98,1140680.0,0.0
2024-07-18 16:56:11+00:00,btc_mxn,1140679.98,1140680.0,0.0
2024-07-18 16:56:12+00:00,btc_mxn,1140679.98,1140680.0,0.0
2024-07-18 16:56:13+00:00,btc_mxn,1140679.98,1140680.0,0.0
2024-07-18 16:56:14+00:00,btc_mxn,1140679.98,1140680.0,0.0
2024-07-18 16:56:15+00:00,btc_mxn,1140679.98,1140680.0,0.0
2024-07-18 16:56:16+00:00,btc_mxn,1140679.98,1140680.0,0.0
2024-07-18 16:56:17+00:00,btc_mxn,1140679.98,1140680.0,0.0
2024-07-18 16:56:18+00:00,btc_mxn,1140679.98,1140680.0,0.0
2024-07-18 16:56:19+00:00,btc_mxn,1140679.98,1140680.0,0.0
2024-07-18 16:56:20+00:00,btc_mxn,1140679.98,1140680.0,0.0
2024-07-18 16:56:21+00:00,btc_mxn,1140679.98,1140680.0,0.0
2024-07-18 16:56:22+00:00,btc_mxn,1140679.98,1140680.0,0.0
2024-07-18 16:56:23+00:00,btc_mxn,1140679.98,1140680.0,0.0
2024-07-18 16:56:24+00:00,btc_mxn,1140679.98,1140680.0,0.0
2024-07-18 16:56:25+00:00,btc_mxn,1140679.98,1140680.0,0.0
2024-07-18 16:56:26+00:00,btc_mxn,1140679.98,1140680.0,0.0
2024-07-18 16:56:27+00:00,btc_mxn,1140679.98,1140680.0,0.0
2024-07-18 16:56:28+00:00,btc_mxn,1140679.98,1140680.0,0.0
2024-07-18 16:56:29+00:00,btc_mxn,1140679.98,1140680.0,0.0
2024-07-18 16:56:31+00:00,btc_mxn,1140679.98,1140680.0,0.0
2024-07-18 16:56:32+00:00,btc_mxn,1140679.98,1140680.0,0.0
2024-07-18 16:56:33+00:00,btc_mxn,1140679.98,1140680.0,0.0
2024-07-18 16:56:34+00:00,btc_mxn,1140679.98,1140680.0,0.0
2024-07-18 16:56:35+00:00,btc_mxn,1140679.98,1140680.0,0.0
2024-07-18 16:56:36+00:00,btc_mxn,1140679.98,1140680.0,0.0
2024-07-18 16:56:37+00:00,btc_mxn,1140679.98,1140680.0,0.0
2024-07-18 16:56:38+00:00,btc_mxn,1140679.98,1140680.0,0.0
2024-07-18 16:56:39+00:00,btc_mxn,1140679.98,1140680.0,0.0
2024-07-18 16:56:40+00:00,btc_mxn,1140679.98,1140680.0,0.0
2024-07-18 16:56:41+00:00,btc_mxn,1140679.98,1140680.0,0.0
2024-07-18 16:56:42+00:00,btc_mxn,1140679.98,1140680.0,0.0
2024-07-18 16:56:43+00:00,btc_mxn,1140679.98,1140680.0,0.0
2024-07-18 16:56:44+00:00,btc_mxn,1140679.98,1140680.0,0.0
2024-07-18 16:56:45+00:00,btc_mxn,1140679.98,1140680.0,0.0
2024-07-18 16:56:46+00:00,btc_mxn,1140679.98,1140680.0,0.0
2024-07-18 16:56:47+00:00,btc_mxn,1140679.98,1140680.0,0.0
2024-07-18 16:56:48+00:00,btc_mxn,1140679.98,1140680.0,0.0
2024-07-18 16:56:49+00:00,btc_mxn,1140679.98,1140680.0,0.0
2024-07-18 16:56:50+00:00,btc_mxn,1140679.98,1140680.0,0.0
2024-07-18 16:56:51+00:00,btc_mxn,1140679.98,1140680.0,0.0
2024-07-18 16:56:52+00:00,btc_mxn,1140679.98,1140680.0,0.0
2024-07-18 16:56:53+00:00,btc_mxn,1140679.98,1140680.0,0.0
2024-07-18 16:56:54+00:00,btc_mxn,1140679.98,1140680.0,0.0
2024-07-18 16:56:55+00:00,btc_mxn,1140679.98,1140680.0,0.0
2024-07-18 16:56:56+00:00,btc_mxn,1140679.98,1140680.0,0.0
2024-07-18 16:56:57+00:00,btc_mxn,1140679.98,1140680.0,0.0
2024-07-18 16:56:58+00:00,btc_mxn,1140679.98,1140680.0,0.0
2024-07-18 16:56:59+00:00,btc_mxn,1140679.98,1140680.0,0.0
2024-07-18 16:57:00+00:00,btc_mxn,1140679.98,1140680.0,0.0
2024-07-18 16:57:01+00:00,btc_mxn,1140679.98,1140680.0,0.0
2024-07-18 16:57:02+00:00,btc_mxn,1140679.98,1140680.0,0.0
2024-07-18 16:57:03+00:00,btc_mxn,1140679.98,1140680.0,0.0
2024-07-18 16:57:04+00:00,btc_mxn,1140679.98,1140680.0,0.0
2024-07-18 16:57:05+00:00,btc_mxn,1140679.98,1140680.0,0.0
2024-07-18 16:57:06+00:00,btc_mxn,1140679.98,1140680.0,0.0
2024-07-18 16:57:07+00:00,btc_mxn,1140679.98,1140680.0,0.0
2024-07-18 16:57:08+00:00,btc_mxn,1140679.98,1140680.0,0.0
2024-07-18 16:57:09+00:00,btc_mxn,1140679.98,1140680.0,0.0
2024-07-18 16:57:10+00:00,btc_mxn,1140679.98,1140680.0,0.0
2024-07-18 16:57:11+00:00,btc_mxn,1140679.98,1140680.0,0.0
2024-07-18 16:57:12+00:00,btc_mxn,1140679.98,1140680.0,0.0
2024-07-18 16:57:13+00:00,btc_mxn,1140679.98,1140680.0,0.0
2024-07-18 16:57:14+00:00,btc_mxn,1140679.98,1140680.0,0.0
2024-07-18 16:57:15+00:00,btc_mxn,1140679.98,1140680.0,0.0
2024-07-18 16:57:16+00:00,btc_mxn,1140679.98,1140680.0,0.0
2024-07-18 16:57:17+00:00,btc_mxn,1140679.98,1140680.0,0.0
2024-07-18 16:57:18+00:00,btc_mxn,1140679.98,1140680.0,0.0
2024-07-18 16:57:19+00:00,btc_mxn,1140679.98,1140680.0,0.0
2024-07-18 16:57:20+00:00,btc_mxn,1140679.98,1140680.0,0.0
2024-07-18 16:57:21+00:00,btc_mxn,1140679.98,1140680.0,0.0
2024-07-18 16:57:22+00:00,btc_mxn,1140679.98,1140680.0,0.0
2024-07-18 16:57:23+00:00,btc_mxn,1140679.98,1140680.0,0.0
2024-07-18 16:57:24+00:00,btc_mxn,1140679.98,1140680.0,0.0
2024-07-18 16:57:25+00:00,btc_mxn,1140679.98,1140680.0,0.0
2024-07-18 16:57:26+00:00,btc_mxn,1140679.98,1140680.0,0.0
2024-07-18 16:57:27+00:00,btc_mxn,1140679.98,1140680.0,0.0
2024-07-18 16:57:28+00:00,btc_mxn,1140679.98,1140680.0,0.0
2024-07-18 16:57:29+00:00,btc_mxn,1140679.98,1140680.0,0.0
2024-07-18 16:57:31+00:00,btc_mxn,1140679.98,1140680.0,0.0
2024-07-18 16:57:31+00:00,btc_mxn,1140679.98,1140680.0,0.0
2024-07-18 16:57:33+00:00,btc_mxn,1140679.98,1140680.0,0.0
2024-07-18 16:57:34+00:00,btc_mxn,1140679.98,1140680.0,0.0
2024-07-18 16:57:35+00:00,btc_mxn,1140679.98,1140680.0,0.0
2024-07-18 16:57:36+00:00,btc_mxn,1140679.98,1140680.0,0.0
2024-07-18 16:57:37+00:00,btc_mxn,1140679.98,1140680.0,0.0
2024-07-18 16:57:38+00:00,btc_mxn,1140679.98,1140680.0,0.0
2024-07-18 16:57:39+00:00,btc_mxn,1140679.98,1140680.0,0.0
2024-07-18 16:57:40+00:00,btc_mxn,1140679.98,1140680.0,0.0
2024-07-18 16:57:41+00:00,btc_mxn,1140679.98,1140680.0,0.0
2024-07-18 16:57:42+00:00,btc_mxn,1140679.98,1140680.0,0.0
2024-07-18 16:57:43+00:00,btc_mxn,1140679.98,1140680.0,0.0
2024-07-18 16:57:44+00:00,btc_mxn,1140679.98,1140680.0,0.0
2024-07-18 16:57:45+00:00,btc_mxn,1140679.98,1140680.0,0.0
2024-07-18 16:57:46+00:00,btc_mxn,1140679.98,1140680.0,0.0
2024-07-18 16:57:47+00:00,btc_mxn,1140679.98,1140680.0,0.0
2024-07-18 16:57:48+00:00,btc_mxn,1140679.98,1140680.0,0.0
2024-07-18 16:57:49+00:00,btc_mxn,1140679.98,1140680.0,0.0
2024-07-18 16:57:50+00:00,btc_mxn,1140679.98,1140680.0,0.0
2024-07-18 16:57:51+00:00,btc_mxn,1140679.98,1140680.0,0.0
2024-07-18 16:57:52+00:00,btc_mxn,1140679.98,1140680.0,0.0
2024-07-18 16:57:53+00:00,btc_mxn,1140679.98,1140680.0,0.0
2024-07-18 16:57:54+00:00,btc_mxn,1140679.98,1140680.0,0.0
2024-07-18 16:57:55+00:00,btc_mxn,1140679.98,1140680.0,0.0
2024-07-18 16:57:56+00:00,btc_mxn,1140679.98,1140680.0,0.0
2024-07-18 16:57:57+00:00,btc_mxn,1140679.98,1140680.0,0.0
2024-07-18 16:57:58+00:00,btc_mxn,1140679.98,1140680.0,0.0
2024-07-18 16:57:59+00:00,btc_mxn,1140679.98,1140680.0,0.0
2024-07-18 16:58:00+00:00,btc_mxn,1140679.98,1140680.0,0.0
2024-07-18 16:58:01+00:00,btc_mxn,1140679.98,1140680.0,0.0
2024-07-18 16:58:02+00:00,btc_mxn,1140679.98,1140680.0,0.0
2024-07-18 16:58:03+00:00,btc_mxn,1140679.98,1140680.0,0.0
2024-07-18 16:58:04+00:00,btc_mxn,1140679.98,1140680.0,0.0
2024-07-18 16:58:05+00:00,btc_mxn,1140679.98,1140680.0,0.0
2024-07-18 16:58:06+00:00,btc_mxn,1140679.98,1140680.0,0.0
2024-07-18 16:58:07+00:00,btc_mxn,1140679.98,1140680.0,0.0
2024-07-18 16:58:08+00:00,btc_mxn,1140679.98,1140680.0,0.0
2024-07-18 16:58:09+00:00,btc_mxn,1140679.98,1140680.0,0.0
2024-07-18 16:58:10+00:00,btc_mxn,1140679.98,1140680.0,0.0
2024-07-18 16:58:11+00:00,btc_mxn,1140679.98,1140680.0,0.0
2024-07-18 16:58:12+00:00,btc_mxn,1140679.98,1140680.0,0.0
2024-07-18 16:58:13+00:00,btc_mxn,1140679.98,1140680.0,0.0
2024-07-18 16:58:14+00:00,btc_mxn,1140679.98,1140680.0,0.0
2024-07-18 16:58:15+00:00,btc_mxn,1140679.98,1140680.0,0.0
2024-07-18 16:58:16+00:00,btc_mxn,1140679.98,1140680.0,0.0
2024-07-18 16:58:17+00:00,btc_mxn,1140679.98,1140680.0,0.0
2024-07-18 16:58:18+00:00,btc_mxn,1140679.98,1140680.0,0.0
2024-07-18 16:58:19+00:00,btc_mxn,1140679.98,1140680.0,0.0
2024-07-18 16:58:20+00:00,btc_mxn,1140679.98,1140680.0,0.0
2024-07-18 16:58:21+00:00,btc_mxn,1140679.98,1140680.0,0.0
2024-07-18 16:58:22+00:00,btc_mxn,1140679.98,1140680.0,0.0
2024-07-18 16:58:23+00:00,btc_mxn,1140679.98,1140680.0,0.0
2024-07-18 16:58:24+00:00,btc_mxn,1140679.98,1140680.0,0.0
2024-07-18 16:58:25+00:00,btc_mxn,1140679.98,1140680.0,0.0
2024-07-18 16:58:26+00:00,btc_mxn,1140679.98,1140680.0,0.0
2024-07-18 16:58:27+00:00,btc_mxn,1140679.98,1140680.0,0.0
2024-07-18 16:58:28+00:00,btc_mxn,1140679.98,1140680.0,0.0
2024-07-18 16:58:30+00:00,btc_mxn,1140679.98,1140680.0,0.0
2024-07-18 16:58:30+00:00,btc_mxn,1140679.98,1140680.0,0.0
2024-07-18 16:58:31+00:00,btc_mxn,1140679.98,1140680.0,0.0
2024-07-18 16:58:32+00:00,btc_mxn,1140679.98,1140680.0,0.0
2024-07-18 16:58:33+00:00,btc_mxn,1140679.98,1140680.0,0.0
2024-07-18 16:58:34+00:00,btc_mxn,1140679.98,1140680.0,0.0
2024-07-18 16:58:35+00:00,btc_mxn,1140679.98,1140680.0,0.0
2024-07-18 16:58:36+00:00,btc_mxn,1140679.98,1140680.0,0.0
2024-07-18 16:58:37+00:00,btc_mxn,1140679.98,1140680.0,0.0
2024-07-18 16:58:39+00:00,btc_mxn,1140679.98,1140680.0,0.0
2024-07-18 16:58:39+00:00,btc_mxn,1140679.98,1140680.0,0.0
2024-07-18 16:58:40+00:00,btc_mxn,1140679.98,1140680.0,0.0
2024-07-18 16:58:41+00:00,btc_mxn,1140679.98,1140680.0,0.0
2024-07-18 16:58:42+00:00,btc_mxn,1140679.98,1140680.0,0.0
2024-07-18 16:58:43+00:00,btc_mxn,1140679.98,1140680.0,0.0
2024-07-18 16:58:44+00:00,btc_mxn,1140679.98,1140680.0,0.0
2024-07-18 16:58:45+00:00,btc_mxn,1140679.98,1140680.0,0.0
2024-07-18 16:58:46+00:00,btc_mxn,1140679.98,1140680.0,0.0
2024-07-18 16:58:48+00:00,btc_mxn,1140679.98,1140680.0,0.0
2024-07-18 16:58:48+00:00,btc_mxn,1140679.98,1140680.0,0.0
2024-07-18 16:58:50+00:00,btc_mxn,1140679.98,1140680.0,0.0
2024-07-18 16:58:51+00:00,btc_mxn,1140679.98,1140680.0,0.0
2024-07-18 16:58:52+00:00,btc_mxn,1140679.98,1140680.0,0.0
2024-07-18 16:58:53+00:00,btc_mxn,1140679.98,1140680.0,0.0
2024-07-18 16:58:54+00:00,btc_mxn,1140679.98,1140680.0,0.0
2024-07-18 16:58:55+00:00,btc_mxn,1140679.98,1140680.0,0.0
2024-07-18 16:58:56+00:00,btc_mxn,1140679.98,1140680.0,0.0
2024-07-18 16:58:57+00:00,btc_mxn,1140679.98,1140680.0,0.0
2024-07-18 16:58:58+00:00,btc_mxn,1140679.98,1140680.0,0.0
2024-07-18 16:58:59+00:00,btc_mxn,1140679.98,1140680.0,0.0
2024-07-18 16:59:00+00:00,btc_mxn,1140679.98,1140680.0,0.0
2024-07-18 16:59:01+00:00,btc_mxn,1140679.98,1140680.0,0.0
2024-07-18 16:59:02+00:00,btc_mxn,1140679.98,1140680.0,0.0
2024-07-18 16:59:03+00:00,btc_mxn,1140679.98,1140680.0,0.0
2024-07-18 16:59:04+00:00,btc_mxn,1140679.98,1140680.0,0.0
2024-07-18 16:59:05+00:00,btc_mxn,1140679.98,1140680.0,0.0
2024-07-18 16:59:06+00:00,btc_mxn,1140679.98,1140680.0,0.0
2024-07-18 16:59:07+00:00,btc_mxn,1140679.98,1140680.0,0.0
2024-07-18 16:59:08+00:00,btc_mxn,1140679.98,1140680.0,0.0
2024-07-18 16:59:09+00:00,btc_mxn,1140679.98,1140680.0,0.0
2024-07-18 16:59:10+00:00,btc_mxn,1140679.98,1140680.0,0.0
2024-07-18 16:59:11+00:00,btc_mxn,1140679.98,1140680.0,0.0
2024-07-18 16:59:12+00:00,btc_mxn,1140679.98,1140680.0,0.0
2024-07-18 16:59:13+00:00,btc_mxn,1140679.98,1140680.0,0.0
2024-07-18 16:59:14+00:00,btc_mxn,1140679.98,1140680.0,0.0
2024-07-18 16:59:15+00:00,btc_mxn,1140679.98,1140680.0,0.0
2024-07-18 16:59:16+00:00,btc_mxn,1140679.98,1140680.0,0.0
2024-07-18 16:59:17+00:00,btc_mxn,1140679.98,1140680.0,0.0
2024-07-18 16:59:18+00:00,btc_mxn,1140679.98,1140680.0,0.0
2024-07-18 16:59:19+00:00,btc_mxn,1140679.98,1140680.0,0.0
2024-07-18 16:59:20+00:00,btc_mxn,1140679.98,1140680.0,0.0
2024-07-18 16:59:21+00:00,btc_mxn,1140679.98,1140680.0,0.0
2024-07-18 16:59:22+00:00,btc_mxn,1140679.98,1140680.0,0.0
2024-07-18 16:59:23+00:00,btc_mxn,1140679.98,1140680.0,0.0
2024-07-18 16:59:24+00:00,btc_mxn,1140679.98,1140680.0,0.0
2024-07-18 16:59:25+00:00,btc_mxn,1140679.98,1140680.0,0.0
2024-07-18 16:59:26+00:00,btc_mxn,1140679.98,1140680.0,0.0
2024-07-18 16:59:27+00:00,btc_mxn,1140679.98,1140680.0,0.0
2024-07-18 16:59:28+00:00,btc_mxn,1140679.98,1140680.0,0.0
2024-07-18 16:59:29+00:00,btc_mxn,1140679.98,1140680.0,0.0
2024-07-18 16:59:30+00:00,btc_mxn,1140679.98,1140680.0,0.0
2024-07-18 16:59:31+00:00,btc_mxn,1140679.98,1140680.0,0.0
2024-07-18 16:59:32+00:00,btc_mxn,1140679.98,1140680.0,0.0
2024-07-18 16:59:33+00:00,btc_mxn,1140679.98,1140680.0,0.0
2024-07-18 16:59:34+00:00,btc_mxn,1140679.98,1140680.0,0.0
2024-07-18 16:59:35+00:00,btc_mxn,1140679.98,1140680.0,0.0
2024-07-18 16:59:36+00:00,btc_mxn,1140679.98,1140680.0,0.0
2024-07-18 16:59:37+00:00,btc_mxn,1140679.98,1140680.0,0.0
2024-07-18 16:59:38+00:00,btc_mxn,1140679.98,1140680.0,0.0
2024-07-18 16:59:39+00:00,btc_mxn,1140679.98,1140680.0,0.0
2024-07-18 16:59:40+00:00,btc_mxn,1140679.98,1140680.0,0.0
2024-07-18 16:59:41+00:00,btc_mxn,1140679.98,1140680.0,0.0
2024-07-18 16:59:42+00:00,btc_mxn,1140679.98,1140680.0,0.0
2024-07-18 16:59:44+00:00,btc_mxn,1140679.98,1140680.0,0.0
2024-07-18 16:59:45+00:00,btc_mxn,1140679.98,1140680.0,0.0
2024-07-18 16:59:45+00:00,btc_mxn,1140679.98,1140680.0,0.0
2024-07-18 16:59:46+00:00,btc_mxn,1140679.98,1140680.0,0.0
2024-07-18 16:59:48+00:00,btc_mxn,1140679.98,1140680.0,0.0
2024-07-18 16:59:49+00:00,btc_mxn,1140679.98,1140680.0,0.0
2024-07-18 16:59:50+00:00,btc_mxn,1140679.98,1140680.0,0.0
2024-07-18 16:59:51+00:00,btc_mxn,1140679.98,1140680.0,0.0
2024-07-18 16:59:51+00:00,btc_mxn,1140679.98,1140680.0,0.0
2024-07-18 16:59:53+00:00,btc_mxn,1140679.98,1140680.0,0.0
2024-07-18 16:59:54+00:00,btc_mxn,1140679.98,1140680.0,0.0
2024-07-18 16:59:55+00:00,btc_mxn,1140679.98,1140680.0,0.0
2024-07-18 16:59:56+00:00,btc_mxn,1140679.98,1140680.0,0.0
2024-07-18 16:59:57+00:00,btc_mxn,1140679.98,1140680.0,0.0
2024-07-18 16:59:58+00:00,btc_mxn,1140679.98,1140680.0,0.0
2024-07-18 16:59:59+00:00,btc_mxn,1140679.98,1140680.0,0.0
2024-07-18 17:00:00+00:00,btc_mxn,1140679.98,1140680.0,0.0
2024-07-18 17:00:01+00:00,btc_mxn,1140679.98,1140680.0,0.0
2024-07-18 17:00:02+00:00,btc_mxn,1140679.98,1140680.0,0.0
2024-07-18 17:00:03+00:00,btc_mxn,1140679.98,1140680.0,0.0
2024-07-18 17:00:04+00:00,btc_mxn,1140679.98,1140680.0,0.0
2024-07-18 17:00:05+00:00,btc_mxn,1140679.98,1140680.0,0.0
2024-07-18 17:00:06+00:00,btc_mxn,1140679.98,1140680.0,0.0
2024-07-18 17:00:07+00:00,btc_mxn,1140679.98,1140680.0,0.0
2024-07-18 17:00:08+00:00,btc_mxn,1140679.98,1140680.0,0.0
2024-07-18 17:00:09+00:00,btc_mxn,1140679.98,1140680.0,0.0
2024-07-18 17:00:10+00:00,btc_mxn,1140679.98,1140680.0,0.0
2024-07-18 17:00:11+00:00,btc_mxn,1140679.98,1140680.0,0.0
2024-07-18 17:00:12+00:00,btc_mxn,1140679.98,1140680.0,0.0
2024-07-18 17:00:13+00:00,btc_mxn,1140679.98,1140680.0,0.0
2024-07-18 17:00:14+00:00,btc_mxn,1140679.98,1140680.0,0.0
2024-07-18 17:00:15+00:00,btc_mxn,1140679.98,1140680.0,0.0
2024-07-18 17:00:16+00:00,btc_mxn,1140679.98,1140680.0,0.0
2024-07-18 17:00:17+00:00,btc_mxn,1140679.98,1140680.0,0.0
2024-07-18 17:00:18+00:00,btc_mxn,1140679.98,1140680.0,0.0
2024-07-18 17:00:19+00:00,btc_mxn,1140679.98,1140680.0,0.0
2024-07-18 17:00:20+00:00,btc_mxn,1140679.98,1140680.0,0.0
2024-07-18 17:00:21+00:00,btc_mxn,1140679.98,1140680.0,0.0
2024-07-18 17:00:22+00:00,btc_mxn,1140679.98,1140680.0,0.0
2024-07-18 17:00:23+00:00,btc_mxn,1140679.98,1140680.0,0.0
2024-07-18 17:00:24+00:00,btc_mxn,1140679.98,1140680.0,0.0
2024-07-18 17:00:25+00:00,btc_mxn,1140679.98,1140680.0,0.0
2024-07-18 17:00:26+00:00,btc_mxn,1140679.98,1140680.0,0.0
2024-07-18 17:00:27+00:00,btc_mxn,1140679.98,1140680.0,0.0
2024-07-18 17:00:28+00:00,btc_mxn,1140679.98,1140680.0,0.0
2024-07-18 17:00:29+00:00,btc_mxn,1140679.98,1140680.0,0.0
2024-07-18 17:00:30+00:00,btc_mxn,1140679.98,1140680.0,0.0
2024-07-18 17:00:31+00:00,btc_mxn,1140679.98,1140680.0,0.0
2024-07-18 17:00:32+00:00,btc_mxn,1140679.98,1140680.0,0.0
2024-07-18 17:00:33+00:00,btc_mxn,1140679.98,1140680.0,0.0
2024-07-18 17:00:34+00:00,btc_mxn,1140679.98,1140680.0,0.0
2024-07-18 17:00:35+00:00,btc_mxn,1140679.98,1140680.0,0.0
2024-07-18 17:00:36+00:00,btc_mxn,1140679.98,1140680.0,0.0
2024-07-18 17:00:37+00:00,btc_mxn,1140679.98,1140680.0,0.0
2024-07-18 17:00:38+00:00,btc_mxn,1140679.98,1140680.0,0.0
2024-07-18 17:00:39+00:00,btc_mxn,1140679.98,1140680.0,0.0
2024-07-18 17:00:40+00:00,btc_mxn,1140679.98,1140680.0,0.0
2024-07-18 17:00:41+00:00,btc_mxn,1140679.98,1140680.0,0.0
2024-07-18 17:00:42+00:00,btc_mxn,1140679.98,1140680.0,0.0
2024-07-18 17:00:43+00:00,btc_mxn,1140679.98,1140680.0,0.0
2024-07-18 17:00:44+00:00,btc_mxn,1140679.98,1140680.0,0.0
2024-07-18 17:00:45+00:00,btc_mxn,1140679.98,1140680.0,0.0
2024-07-18 17:00:46+00:00,btc_mxn,1140679.98,1140680.0,0.0
2024-07-18 17:00:47+00:00,btc_mxn,1140679.98,1140680.0,0.0
2024-07-18 17:00:48+00:00,btc_mxn,1140679.98,1140680.0,0.0
2024-07-18 17:00:49+00:00,btc_mxn,1140679.98,1140680.0,0.0
2024-07-18 17:00:50+00:00,btc_mxn,1140679.98,1140680.0,0.0
2024-07-18 17:00:51+00:00,btc_mxn,1140679.98,1140680.0,0.0
2024-07-18 17:00:52+00:00,btc_mxn,1140679.98,1140680.0,0.0
2024-07-18 17:00:53+00:00,btc_mxn,1140679.98,1140680.0,0.0
2024-07-18 17:00:54+00:00,btc_mxn,1140679.98,1140680.0,0.0
2024-07-18 17:00:56+00:00,btc_mxn,1140679.98,1140680.0,0.0
2024-07-18 17:00:56+00:00,btc_mxn,1140679.98,1140680.0,0.0
2024-07-18 17:00:58+00:00,btc_mxn,1140679.98,1140680.0,0.0
2024-07-18 17:00:58+00:00,btc_mxn,1140679.98,1140680.0,0.0
2024-07-18 17:00:59+00:00,btc_mxn,1140679.98,1140680.02,0.0
2024-07-18 17:01:01+00:00,btc_mxn,1140679.98,1140680.02,0.0
2024-07-18 17:01:01+00:00,btc_mxn,1140679.98,1140680.02,0.0
2024-07-18 17:01:02+00:00,btc_mxn,1140679.98,1140680.02,0.0
2024-07-18 17:01:04+00:00,btc_mxn,1139599.98,1139600.02,0.0
2024-07-18 17:01:04+00:00,btc_mxn,1139599.98,1139600.02,0.0
2024-07-18 17:01:05+00:00,btc_mxn,1139599.98,1139600.02,0.0
2024-07-18 17:01:07+00:00,btc_mxn,1139599.98,1139600.02,0.0
2024-07-18 17:01:08+00:00,btc_mxn,1139599.98,1139600.02,0.0
2024-07-18 17:01:09+00:00,btc_mxn,1139670.0,1143690.0,0.351
2024-07-18 17:01:10+00:00,btc_mxn,1139670.0,1143690.0,0.351
2024-07-18 17:01:11+00:00,btc_mxn,1139670.0,1143690.0,0.351
2024-07-18 17:01:12+00:00,btc_mxn,1139670.0,1143690.0,0.351
2024-07-18 17:01:13+00:00,btc_mxn,1139750.0,1143690.0,0.344
2024-07-18 17:01:14+00:00,btc_mxn,1139750.0,1143690.0,0.344
2024-07-18 17:01:15+00:00,btc_mxn,1139750.0,1145240.0,0.479
2024-07-18 17:01:16+00:00,btc_mxn,1139750.0,1145180.0,0.474
2024-07-18 17:01:17+00:00,btc_mxn,1139820.0,1145180.0,0.468
2024-07-18 17:01:18+00:00,btc_mxn,1139840.0,1145100.0,0.459
2024-07-18 17:01:19+00:00,btc_mxn,1139840.0,1145100.0,0.459
2024-07-18 17:01:20+00:00,btc_mxn,1139920.0,1145100.0,0.452
2024-07-18 17:01:21+00:00,btc_mxn,1139920.0,1145100.0,0.452
2024-07-18 17:01:22+00:00,btc_mxn,1140000.0,1144970.0,0.434
2024-07-18 17:01:23+00:00,btc_mxn,1140000.0,1144970.0,0.434
2024-07-18 17:01:24+00:00,btc_mxn,1140000.0,1144970.0,0.434
2024-07-18 17:01:25+00:00,btc_mxn,1140000.0,1144970.0,0.434
2024-07-18 17:01:26+00:00,btc_mxn,1140000.0,1144970.0,0.434
2024-07-18 17:01:27+00:00,btc_mxn,1140000.0,1144970.0,0.434
2024-07-18 17:01:28+00:00,btc_mxn,1140100.0,1145240.0,0.449
2024-07-18 17:01:29+00:00,btc_mxn,1140100.0,1145240.0,0.449
2024-07-18 17:01:30+00:00,btc_mxn,1139980.0,1145190.0,0.455
2024-07-18 17:01:31+00:00,btc_mxn,1140190.0,1145160.0,0.434
2024-07-18 17:01:32+00:00,btc_mxn,1140210.0,1145160.0,0.432
2024-07-18 17:01:33+00:00,btc_mxn,1140210.0,1145160.0,0.432
2024-07-18 17:01:35+00:00,btc_mxn,1140210.0,1145160.0,0.432
2024-07-18 17:01:35+00:00,btc_mxn,1140210.0,1145160.0,0.432
2024-07-18 17:01:36+00:00,btc_mxn,1140210.0,1145160.0,0.432
2024-07-18 17:01:37+00:00,btc_mxn,1140210.0,1145160.0,0.432
2024-07-18 17:01:38+00:00,btc_mxn,1140210.0,1145160.0,0.432
2024-07-18 17:01:39+00:00,btc_mxn,1140210.0,1145160.0,0.432
2024-07-18 17:01:40+00:00,btc_mxn,1140210.0,1145160.0,0.432
2024-07-18 17:01:41+00:00,btc_mxn,1140210.0,1145160.0,0.432
2024-07-18 17:01:42+00:00,btc_mxn,1140210.0,1145160.0,0.432
2024-07-18 17:01:43+00:00,btc_mxn,1140210.0,1145160.0,0.432
2024-07-18 17:01:44+00:00,btc_mxn,1140210.0,1145160.0,0.432
2024-07-18 17:01:45+00:00,btc_mxn,1140210.0,1145160.0,0.432
2024-07-18 17:01:46+00:00,btc_mxn,1140210.0,1145160.0,0.432
2024-07-18 17:01:47+00:00,btc_mxn,1140210.0,1145160.0,0.432
2024-07-18 17:01:48+00:00,btc_mxn,1140210.0,1145160.0,0.432
2024-07-18 17:01:49+00:00,btc_mxn,1140210.0,1145160.0,0.432
2024-07-18 17:01:50+00:00,btc_mxn,1140210.0,1145160.0,0.432
2024-07-18 17:01:51+00:00,btc_mxn,1140210.0,1145160.0,0.432
2024-07-18 17:01:52+00:00,btc_mxn,1140210.0,1145160.0,0.432
2024-07-18 17:01:54+00:00,btc_mxn,1140210.0,1145160.0,0.432
2024-07-18 17:01:54+00:00,btc_mxn,1140210.0,1145160.0,0.432
2024-07-18 17:01:55+00:00,btc_mxn,1140210.0,1145160.0,0.432
2024-07-18 17:01:56+00:00,btc_mxn,1140210.0,1145160.0,0.432
2024-07-18 17:01:58+00:00,btc_mxn,1140210.0,1145160.0,0.432
2024-07-18 17:01:59+00:00,btc_mxn,1140850.0,1145160.0,0.376
2024-07-18 17:02:00+00:00,btc_mxn,1140890.0,1145160.0,0.373
2024-07-18 17:02:01+00:00,btc_mxn,1140930.0,1143320.0,0.209
2024-07-18 17:02:02+00:00,btc_mxn,1140990.0,1143340.0,0.206
2024-07-18 17:02:03+00:00,btc_mxn,1140990.0,1143290.0,0.201
2024-07-18 17:02:04+00:00,btc_mxn,1141010.0,1143290.0,0.199
2024-07-18 17:02:05+00:00,btc_mxn,1141010.0,1143290.0,0.199
2024-07-18 17:02:06+00:00,btc_mxn,1141010.0,1143290.0,0.199
2024-07-18 17:02:07+00:00,btc_mxn,1141010.0,1143290.0,0.199
2024-07-18 17:02:08+00:00,btc_mxn,1141010.0,1143290.0,0.199
2024-07-18 17:02:09+00:00,btc_mxn,1141010.0,1143290.0,0.199
2024-07-18 17:02:10+00:00,btc_mxn,1141010.0,1143290.0,0.199
2024-07-18 17:02:11+00:00,btc_mxn,1141010.0,1143290.0,0.199
2024-07-18 17:02:12+00:00,btc_mxn,1141010.0,1143290.0,0.199
2024-07-18 17:02:13+00:00,btc_mxn,1141010.0,1143290.0,0.199
2024-07-18 17:02:14+00:00,btc_mxn,1141010.0,1143290.0,0.199
2024-07-18 17:02:15+00:00,btc_mxn,1141010.0,1143290.0,0.199
2024-07-18 17:02:16+00:00,btc_mxn,1141010.0,1143290.0,0.199
2024-07-18 17:02:17+00:00,btc_mxn,1141010.0,1143290.0,0.199
2024-07-18 17:02:18+00:00,btc_mxn,1141010.0,1143290.0,0.199
2024-07-18 17:02:19+00:00,btc_mxn,1141010.0,1143290.0,0.199
2024-07-18 17:02:20+00:00,btc_mxn,1141010.0,1143290.0,0.199
2024-07-18 17:02:21+00:00,btc_mxn,1141010.0,1143290.0,0.199
2024-07-18 17:02:22+00:00,btc_mxn,1141010.0,1143290.0,0.199
2024-07-18 17:02:23+00:00,btc_mxn,1141010.0,1143290.0,0.199
2024-07-18 17:02:24+00:00,btc_mxn,1141100.0,1143290.0,0.192
2024-07-18 17:02:25+00:00,btc_mxn,1141070.0,1143290.0,0.194
2024-07-18 17:02:26+00:00,btc_mxn,1141010.0,1143290.0,0.199
2024-07-18 17:02:27+00:00,btc_mxn,1141390.0,1143290.0,0.166
2024-07-18 17:02:28+00:00,btc_mxn,1141450.0,1143290.0,0.161
2024-07-18 17:02:29+00:00,btc_mxn,1141450.0,1143290.0,0.161
2024-07-18 17:02:30+00:00,btc_mxn,1141450.0,1143290.0,0.161
2024-07-18 17:02:31+00:00,btc_mxn,1141450.0,1143290.0,0.161
2024-07-18 17:02:32+00:00,btc_mxn,1141450.0,1143290.0,0.161
2024-07-18 17:02:33+00:00,btc_mxn,1141450.0,1143290.0,0.161
2024-07-18 17:02:34+00:00,btc_mxn,1141450.0,1143290.0,0.161
2024-07-18 17:02:35+00:00,btc_mxn,1141450.0,1143290.0,0.161
2024-07-18 17:02:36+00:00,btc_mxn,1141450.0,1143290.0,0.161
2024-07-18 17:02:37+00:00,btc_mxn,1141450.0,1143290.0,0.161
2024-07-18 17:02:38+00:00,btc_mxn,1141450.0,1143290.0,0.161
2024-07-18 17:02:39+00:00,btc_mxn,1141450.0,1143290.0,0.161
2024-07-18 17:02:40+00:00,btc_mxn,1141450.0,1143290.0,0.161
2024-07-18 17:02:41+00:00,btc_mxn,1141450.0,1143290.0,0.161
2024-07-18 17:02:42+00:00,btc_mxn,1141450.0,1143290.0,0.161
2024-07-18 17:02:43+00:00,btc_mxn,1141450.0,1143290.0,0.161
2024-07-18 17:02:44+00:00,btc_mxn,1141450.0,1143290.0,0.161
2024-07-18 17:02:45+00:00,btc_mxn,1141450.0,1143290.0,0.161
2024-07-18 17:02:46+00:00,btc_mxn,1141450.0,1143290.0,0.161
2024-07-18 17:02:47+00:00,btc_mxn,1141450.0,1143290.0,0.161
2024-07-18 17:02:48+00:00,btc_mxn,1141450.0,1143290.0,0.161
2024-07-18 17:02:49+00:00,btc_mxn,1141450.0,1143290.0,0.161
2024-07-18 17:02:50+00:00,btc_mxn,1141450.0,1143290.0,0.161
2024-07-18 17:02:51+00:00,btc_mxn,1141450.0,1143290.0,0.161
2024-07-18 17:02:52+00:00,btc_mxn,1141450.0,1143290.0,0.161
2024-07-18 17:02:53+00:00,btc_mxn,1141450.0,1143290.0,0.161
2024-07-18 17:02:54+00:00,btc_mxn,1141450.0,1143290.0,0.161
2024-07-18 17:02:55+00:00,btc_mxn,1141450.0,1143290.0,0.161
2024-07-18 17:02:57+00:00,btc_mxn,1141450.0,1143290.0,0.161
2024-07-18 17:02:58+00:00,btc_mxn,1141450.0,1143290.0,0.161
2024-07-18 17:02:59+00:00,btc_mxn,1141450.0,1143290.0,0.161
2024-07-18 17:03:00+00:00,btc_mxn,1141450.0,1143290.0,0.161
2024-07-18 17:03:01+00:00,btc_mxn,1141840.0,1143290.0,0.127
2024-07-18 17:03:02+00:00,btc_mxn,1141450.0,1143290.0,0.161
2024-07-18 17:03:03+00:00,btc_mxn,1141890.0,1143290.0,0.122
2024-07-18 17:03:04+00:00,btc_mxn,1141900.0,1143290.0,0.122
2024-07-18 17:03:05+00:00,btc_mxn,1141900.0,1143290.0,0.122
2024-07-18 17:03:06+00:00,btc_mxn,1141910.0,1143290.0,0.121
2024-07-18 17:03:07+00:00,btc_mxn,1141910.0,1143290.0,0.121
2024-07-18 17:03:08+00:00,btc_mxn,1141910.0,1143290.0,0.121
2024-07-18 17:03:09+00:00,btc_mxn,1141910.0,1143290.0,0.121
2024-07-18 17:03:10+00:00,btc_mxn,1141910.0,1143290.0,0.121
2024-07-18 17:03:11+00:00,btc_mxn,1141910.0,1143290.0,0.121
2024-07-18 17:03:12+00:00,btc_mxn,1141910.0,1143290.0,0.121
2024-07-18 17:03:13+00:00,btc_mxn,1141910.0,1143290.0,0.121
2024-07-18 17:03:14+00:00,btc_mxn,1141910.0,1143290.0,0.121
2024-07-18 17:03:15+00:00,btc_mxn,1141910.0,1143290.0,0.121
2024-07-18 17:03:16+00:00,btc_mxn,1141910.0,1143290.0,0.121
2024-07-18 17:03:17+00:00,btc_mxn,1141910.0,1143290.0,0.121
2024-07-18 17:03:18+00:00,btc_mxn,1141910.0,1143290.0,0.121
2024-07-18 17:03:19+00:00,btc_mxn,1141910.0,1143290.0,0.121
2024-07-18 17:03:20+00:00,btc_mxn,1142400.0,1143290.0,0.078
2024-07-18 17:03:21+00:00,btc_mxn,1142400.0,1143290.0,0.078
2024-07-18 17:03:22+00:00,btc_mxn,1142400.0,1143290.0,0.078
2024-07-18 17:03:23+00:00,btc_mxn,1142430.0,1143290.0,0.075
2024-07-18 17:03:24+00:00,btc_mxn,1142430.0,1143290.0,0.075
2024-07-18 17:03:25+00:00,btc_mxn,1142430.0,1143290.0,0.075
2024-07-18 17:03:26+00:00,btc_mxn,1142400.0,1143290.0,0.078
2024-07-18 17:03:27+00:00,btc_mxn,1142400.0,1143290.0,0.078
2024-07-18 17:03:28+00:00,btc_mxn,1141910.0,1143290.0,0.121
2024-07-18 17:03:29+00:00,btc_mxn,1141910.0,1143290.0,0.121
2024-07-18 17:03:30+00:00,btc_mxn,1142470.0,1143290.0,0.072
2024-07-18 17:03:31+00:00,btc_mxn,1142470.0,1143290.0,0.072
2024-07-18 17:03:32+00:00,btc_mxn,1142470.0,1143290.0,0.072
2024-07-18 17:03:33+00:00,btc_mxn,1142470.0,1143290.0,0.072
2024-07-18 17:03:34+00:00,btc_mxn,1142470.0,1143290.0,0.072
2024-07-18 17:03:35+00:00,btc_mxn,1142470.0,1143290.0,0.072
2024-07-18 17:03:36+00:00,btc_mxn,1142470.0,1143290.0,0.072
2024-07-18 17:03:37+00:00,btc_mxn,1142470.0,1143290.0,0.072
2024-07-18 17:03:38+00:00,btc_mxn,1142470.0,1143290.0,0.072
2024-07-18 17:03:39+00:00,btc_mxn,1142470.0,1143290.0,0.072
2024-07-18 17:03:40+00:00,btc_mxn,1142470.0,1143290.0,0.072
2024-07-18 17:03:41+00:00,btc_mxn,1142470.0,1143290.0,0.072
2024-07-18 17:03:42+00:00,btc_mxn,1142470.0,1143290.0,0.072
2024-07-18 17:03:43+00:00,btc_mxn,1142470.0,1143290.0,0.072
2024-07-18 17:03:44+00:00,btc_mxn,1142470.0,1143290.0,0.072
2024-07-18 17:03:45+00:00,btc_mxn,1142470.0,1143290.0,0.072
2024-07-18 17:03:46+00:00,btc_mxn,1142470.0,1143290.0,0.072
2024-07-18 17:03:47+00:00,btc_mxn,1142470.0,1143290.0,0.072
2024-07-18 17:03:48+00:00,btc_mxn,1142470.0,1143290.0,0.072
2024-07-18 17:03:49+00:00,btc_mxn,1142470.0,1143290.0,0.072
2024-07-18 17:03:50+00:00,btc_mxn,1142470.0,1143290.0,0.072
2024-07-18 17:03:51+00:00,btc_mxn,1142470.0,1143290.0,0.072
2024-07-18 17:03:52+00:00,btc_mxn,1142470.0,1143290.0,0.072
2024-07-18 17:03:53+00:00,btc_mxn,1142470.0,1143290.0,0.072
2024-07-18 17:03:54+00:00,btc_mxn,1142470.0,1143290.0,0.072
2024-07-18 17:03:55+00:00,btc_mxn,1142470.0,1143290.0,0.072
2024-07-18 17:03:56+00:00,btc_mxn,1142870.0,1143290.0,0.037
2024-07-18 17:03:58+00:00,btc_mxn,1142870.0,1143290.0,0.037
2024-07-18 17:03:59+00:00,btc_mxn,1142870.0,1143290.0,0.037
2024-07-18 17:04:00+00:00,btc_mxn,1142870.0,1143290.0,0.037
2024-07-18 17:04:01+00:00,btc_mxn,1142870.0,1143290.0,0.037
2024-07-18 17:04:02+00:00,btc_mxn,1142870.0,1143290.0,0.037
2024-07-18 17:04:03+00:00,btc_mxn,1142870.0,1143290.0,0.037
2024-07-18 17:04:04+00:00,btc_mxn,1142870.0,1143290.0,0.037
2024-07-18 17:04:05+00:00,btc_mxn,1142870.0,1143290.0,0.037
2024-07-18 17:04:06+00:00,btc_mxn,1142870.0,1143290.0,0.037
2024-07-18 17:04:07+00:00,btc_mxn,1142870.0,1143290.0,0.037
2024-07-18 17:04:08+00:00,btc_mxn,1142870.0,1143290.0,0.037
2024-07-18 17:04:09+00:00,btc_mxn,1142870.0,1143290.0,0.037
2024-07-18 17:04:10+00:00,btc_mxn,1142870.0,1143290.0,0.037
2024-07-18 17:04:11+00:00,btc_mxn,1142870.0,1143290.0,0.037
2024-07-18 17:04:12+00:00,btc_mxn,1142870.0,1143290.0,0.037
2024-07-18 17:04:13+00:00,btc_mxn,1142870.0,1143290.0,0.037
2024-07-18 17:04:14+00:00,btc_mxn,1142870.0,1143290.0,0.037
2024-07-18 17:04:15+00:00,btc_mxn,1142870.0,1143290.0,0.037
2024-07-18 17:04:16+00:00,btc_mxn,1142870.0,1143290.0,0.037
2024-07-18 17:04:17+00:00,btc_mxn,1142870.0,1143290.0,0.037
2024-07-18 17:04:18+00:00,btc_mxn,1142870.0,1143290.0,0.037
2024-07-18 17:04:19+00:00,btc_mxn,1142870.0,1143290.0,0.037
2024-07-18 17:04:20+00:00,btc_mxn,1142870.0,1143290.0,0.037
2024-07-18 17:04:21+00:00,btc_mxn,1142870.0,1143290.0,0.037
2024-07-18 17:04:22+00:00,btc_mxn,1142870.0,1143290.0,0.037
2024-07-18 17:04:23+00:00,btc_mxn,1142870.0,1143290.0,0.037
2024-07-18 17:04:24+00:00,btc_mxn,1142870.0,1143290.0,0.037
2024-07-18 17:04:25+00:00,btc_mxn,1142870.0,1143290.0,0.037
2024-07-18 17:04:26+00:00,btc_mxn,1142870.0,1143290.0,0.037
2024-07-18 17:04:27+00:00,btc_mxn,1142870.0,1143290.0,0.037
2024-07-18 17:04:28+00:00,btc_mxn,1142870.0,1143290.0,0.037
2024-07-18 17:04:29+00:00,btc_mxn,1142870.0,1143290.0,0.037
2024-07-18 17:04:30+00:00,btc_mxn,1142870.0,1143290.0,0.037
2024-07-18 17:04:31+00:00,btc_mxn,1142870.0,1143290.0,0.037
2024-07-18 17:04:32+00:00,btc_mxn,1142870.0,1143290.0,0.037
2024-07-18 17:04:33+00:00,btc_mxn,1142870.0,1143290.0,0.037
2024-07-18 17:04:34+00:00,btc_mxn,1142870.0,1143290.0,0.037
2024-07-18 17:04:35+00:00,btc_mxn,1142870.0,1143290.0,0.037
2024-07-18 17:04:36+00:00,btc_mxn,1142870.0,1143290.0,0.037
2024-07-18 17:04:37+00:00,btc_mxn,1142870.0,1143290.0,0.037
2024-07-18 17:04:38+00:00,btc_mxn,1142870.0,1143290.0,0.037
2024-07-18 17:04:39+00:00,btc_mxn,1142870.0,1143290.0,0.037
2024-07-18 17:04:40+00:00,btc_mxn,1142870.0,1143290.0,0.037
2024-07-18 17:04:41+00:00,btc_mxn,1142870.0,1143290.0,0.037
2024-07-18 17:04:42+00:00,btc_mxn,1142870.0,1143290.0,0.037
2024-07-18 17:04:43+00:00,btc_mxn,1142870.0,1143290.0,0.037
2024-07-18 17:04:44+00:00,btc_mxn,1142870.0,1143290.0,0.037
2024-07-18 17:04:45+00:00,btc_mxn,1142870.0,1143290.0,0.037
2024-07-18 17:04:46+00:00,btc_mxn,1142870.0,1143290.0,0.037
2024-07-18 17:04:47+00:00,btc_mxn,1142870.0,1143290.0,0.037
2024-07-18 17:04:48+00:00,btc_mxn,1142870.0,1143290.0,0.037
2024-07-18 17:04:49+00:00,btc_mxn,1142870.0,1143290.0,0.037
2024-07-18 17:04:50+00:00,btc_mxn,1142870.0,1143290.0,0.037
2024-07-18 17:04:51+00:00,btc_mxn,1142870.0,1143290.0,0.037
2024-07-18 17:04:52+00:00,btc_mxn,1142870.0,1143290.0,0.037
2024-07-18 17:04:53+00:00,btc_mxn,1142870.0,1143290.0,0.037
2024-07-18 17:04:54+00:00,btc_mxn,1142870.0,1143290.0,0.037
2024-07-18 17:04:56+00:00,btc_mxn,1142870.0,1143290.0,0.037
2024-07-18 17:04:56+00:00,btc_mxn,1142870.0,1143290.0,0.037
2024-07-18 17:04:58+00:00,btc_mxn,1142870.0,1143290.0,0.037
2024-07-18 17:04:59+00:00,btc_mxn,1142870.0,1143290.0,0.037
2024-07-18 17:05:00+00:00,btc_mxn,1142870.0,1143290.0,0.037
2024-07-18 17:05:01+00:00,btc_mxn,1142870.0,1143290.0,0.037
2024-07-18 17:05:02+00:00,btc_mxn,1142870.0,1145230.0,0.206
2024-07-18 17:05:03+00:00,btc_mxn,1142870.0,1145230.0,0.206
2024-07-18 17:05:04+00:00,btc_mxn,1142870.0,1145230.0,0.206
2024-07-18 17:05:05+00:00,btc_mxn,1142870.0,1145230.0,0.206
2024-07-18 17:05:06+00:00,btc_mxn,1142870.0,1144520.0,0.144
2024-07-18 17:05:07+00:00,btc_mxn,1141730.0,1144520.0,0.244
2024-07-18 17:05:08+00:00,btc_mxn,1141890.0,1144520.0,0.23
2024-07-18 17:05:09+00:00,btc_mxn,1141890.0,1144520.0,0.23
2024-07-18 17:05:10+00:00,btc_mxn,1141890.0,1144420.0,0.221
2024-07-18 17:05:11+00:00,btc_mxn,1141890.0,1144420.0,0.221
2024-07-18 17:05:12+00:00,btc_mxn,1141890.0,1144420.0,0.221
2024-07-18 17:05:13+00:00,btc_mxn,1141890.0,1144420.0,0.221
2024-07-18 17:05:14+00:00,btc_mxn,1141890.0,1144420.0,0.221
2024-07-18 17:05:15+00:00,btc_mxn,1141890.0,1144420.0,0.221
2024-07-18 17:05:16+00:00,btc_mxn,1141890.0,1144420.0,0.221
2024-07-18 17:05:17+00:00,btc_mxn,1141890.0,1144420.0,0.221
2024-07-18 17:05:18+00:00,btc_mxn,1141890.0,1144420.0,0.221
2024-07-18 17:05:19+00:00,btc_mxn,1141890.0,1144420.0,0.221
2024-07-18 17:05:20+00:00,btc_mxn,1141890.0,1144420.0,0.221
2024-07-18 17:05:21+00:00,btc_mxn,1141890.0,1144420.0,0.221
2024-07-18 17:05:22+00:00,btc_mxn,1141890.0,1144420.0,0.221
2024-07-18 17:05:23+00:00,btc_mxn,1141890.0,1144420.0,0.221
2024-07-18 17:05:24+00:00,btc_mxn,1141890.0,1144420.0,0.221
2024-07-18 17:05:25+00:00,btc_mxn,1141890.0,1144420.0,0.221
2024-07-18 17:05:26+00:00,btc_mxn,1141890.0,1144420.0,0.221
2024-07-18 17:05:27+00:00,btc_mxn,1141890.0,1144420.0,0.221
2024-07-18 17:05:28+00:00,btc_mxn,1141890.0,1144420.0,0.221
2024-07-18 17:05:29+00:00,btc_mxn,1141890.0,1144420.0,0.221
2024-07-18 17:05:30+00:00,btc_mxn,1141890.0,1144420.0,0.221
2024-07-18 17:05:31+00:00,btc_mxn,1141890.0,1144070.0,0.191
2024-07-18 17:05:32+00:00,btc_mxn,1141890.0,1144070.0,0.191
2024-07-18 17:05:33+00:00,btc_mxn,1141890.0,1144070.0,0.191
2024-07-18 17:05:34+00:00,btc_mxn,1141890.0,1144070.0,0.191
2024-07-18 17:05:35+00:00,btc_mxn,1141890.0,1144070.0,0.191
2024-07-18 17:05:36+00:00,btc_mxn,1141890.0,1144070.0,0.191
2024-07-18 17:05:37+00:00,btc_mxn,1141890.0,1144070.0,0.191
2024-07-18 17:05:38+00:00,btc_mxn,1141890.0,1144070.0,0.191
2024-07-18 17:05:39+00:00,btc_mxn,1141890.0,1144070.0,0.191
2024-07-18 17:05:40+00:00,btc_mxn,1141890.0,1144070.0,0.191
2024-07-18 17:05:41+00:00,btc_mxn,1141890.0,1144070.0,0.191
2024-07-18 17:05:42+00:00,btc_mxn,1141890.0,1144070.0,0.191
2024-07-18 17:05:43+00:00,btc_mxn,1141890.0,1144070.0,0.191
2024-07-18 17:05:44+00:00,btc_mxn,1141890.0,1144070.0,0.191
2024-07-18 17:05:45+00:00,btc_mxn,1141890.0,1144070.0,0.191
