orderbook_timestamp,book,bid,ask,spread
2024-07-18 12:50:39+00:00,btc_mxn,1147449.98,1147450.02,0.0
2024-07-18 12:50:40+00:00,btc_mxn,1147449.98,1147450.02,0.0
2024-07-18 12:50:41+00:00,btc_mxn,1147449.98,1147450.02,0.0
2024-07-18 12:50:42+00:00,btc_mxn,1147449.98,1147450.02,0.0
2024-07-18 12:50:43+00:00,btc_mxn,1147449.98,1147450.02,0.0
2024-07-18 12:50:44+00:00,btc_mxn,1147449.98,1147450.02,0.0
2024-07-18 12:50:45+00:00,btc_mxn,1147449.98,1147450.02,0.0
2024-07-18 12:50:46+00:00,btc_mxn,1147449.98,1147450.02,0.0
2024-07-18 12:50:47+00:00,btc_mxn,1147449.98,1147450.02,0.0
2024-07-18 12:50:48+00:00,btc_mxn,1147449.98,1147450.02,0.0
2024-07-18 12:50:49+00:00,btc_mxn,1147449.98,1147450.02,0.0
2024-07-18 12:50:50+00:00,btc_mxn,1147449.98,1147450.02,0.0
2024-07-18 12:50:51+00:00,btc_mxn,1147449.98,1147450.02,0.0
2024-07-18 12:50:52+00:00,btc_mxn,1147449.98,1147450.02,0.0
2024-07-18 12:50:53+00:00,btc_mxn,1147449.98,1147450.02,0.0
2024-07-18 12:50:54+00:00,btc_mxn,1147449.98,1147450.02,0.0
2024-07-18 12:50:55+00:00,btc_mxn,1147449.98,1147450.02,0.0
2024-07-18 12:50:56+00:00,btc_mxn,1147449.98,1147450.02,0.0
2024-07-18 12:50:57+00:00,btc_mxn,1147449.98,1147450.02,0.0
2024-07-18 12:50:58+00:00,btc_mxn,1147449.98,1147450.02,0.0
2024-07-18 12:50:59+00:00,btc_mxn,1147449.98,1147450.02,0.0
2024-07-18 12:51:00+00:00,btc_mxn,1147449.98,1147450.02,0.0
2024-07-18 12:51:01+00:00,btc_mxn,1147449.98,1147450.02,0.0
2024-07-18 12:51:02+00:00,btc_mxn,1147449.98,1147450.02,0.0
2024-07-18 12:51:03+00:00,btc_mxn,1147449.98,1147450.02,0.0
2024-07-18 12:51:04+00:00,btc_mxn,1147449.98,1147450.02,0.0
2024-07-18 12:51:05+00:00,btc_mxn,1147449.98,1147450.02,0.0
2024-07-18 12:51:06+00:00,btc_mxn,1148639.98,1148640.0,0.0
2024-07-18 12:51:07+00:00,btc_mxn,1148639.98,1148640.0,0.0
2024-07-18 12:51:08+00:00,btc_mxn,1148639.98,1148640.0,0.0
2024-07-18 12:51:09+00:00,btc_mxn,1148639.98,1148640.0,0.0
2024-07-18 12:51:10+00:00,btc_mxn,1148639.98,1148640.0,0.0
2024-07-18 12:51:11+00:00,btc_mxn,1148639.98,1148640.0,0.0
2024-07-18 12:51:12+00:00,btc_mxn,1148639.98,1148640.0,0.0
2024-07-18 12:51:13+00:00,btc_mxn,1148639.98,1148640.0,0.0
2024-07-18 12:51:14+00:00,btc_mxn,1148639.98,1148640.0,0.0
2024-07-18 12:51:15+00:00,btc_mxn,1148639.98,1148640.0,0.0
2024-07-18 12:51:16+00:00,btc_mxn,1148639.98,1148640.0,0.0
2024-07-18 12:51:18+00:00,btc_mxn,1148639.98,1148640.0,0.0
2024-07-18 12:51:18+00:00,btc_mxn,1148639.98,1148640.0,0.0
2024-07-18 12:51:19+00:00,btc_mxn,1148639.98,1148640.0,0.0
2024-07-18 12:51:20+00:00,btc_mxn,1148639.98,1148640.0,0.0
2024-07-18 12:51:21+00:00,btc_mxn,1148639.98,1148640.0,0.0
2024-07-18 12:51:22+00:00,btc_mxn,1148639.98,1148640.0,0.0
2024-07-18 12:51:23+00:00,btc_mxn,1148639.98,1148640.0,0.0
2024-07-18 12:51:24+00:00,btc_mxn,1148639.98,1148640.0,0.0
2024-07-18 12:51:25+00:00,btc_mxn,1148639.98,1148640.0,0.0
2024-07-18 12:51:26+00:00,btc_mxn,1148639.98,1148640.0,0.0
2024-07-18 12:51:27+00:00,btc_mxn,1148639.98,1148640.0,0.0
2024-07-18 12:51:28+00:00,btc_mxn,1148639.98,1148640.0,0.0
2024-07-18 12:51:29+00:00,btc_mxn,1148639.98,1148640.0,0.0
2024-07-18 12:51:30+00:00,btc_mxn,1148639.98,1148640.0,0.0
2024-07-18 12:51:31+00:00,btc_mxn,1148639.98,1148640.0,0.0
2024-07-18 12:51:32+00:00,btc_mxn,1148639.98,1148640.0,0.0
2024-07-18 12:51:33+00:00,btc_mxn,1148639.98,1148640.0,0.0
2024-07-18 12:51:34+00:00,btc_mxn,1148639.98,1148640.0,0.0
2024-07-18 12:51:35+00:00,btc_mxn,1148639.98,1148640.0,0.0
2024-07-18 12:51:37+00:00,btc_mxn,1148639.98,1148640.0,0.0
2024-07-18 12:51:38+00:00,btc_mxn,1148639.98,1148640.0,0.0
2024-07-18 12:51:39+00:00,btc_mxn,1148639.98,1148640.0,0.0
2024-07-18 12:51:40+00:00,btc_mxn,1148639.98,1148640.0,0.0
2024-07-18 12:51:41+00:00,btc_mxn,1148639.98,1148640.0,0.0
2024-07-18 12:51:42+00:00,btc_mxn,1148639.98,1148640.0,0.0
2024-07-18 12:51:43+00:00,btc_mxn,1148639.98,1148640.0,0.0
2024-07-18 12:51:44+00:00,btc_mxn,1148639.98,1148640.0,0.0
2024-07-18 12:51:45+00:00,btc_mxn,1148639.98,1148640.0,0.0
2024-07-18 12:51:46+00:00,btc_mxn,1148639.98,1148640.0,0.0
2024-07-18 12:51:47+00:00,btc_mxn,1148639.98,1148640.0,0.0
2024-07-18 12:51:48+00:00,btc_mxn,1148639.98,1148640.0,0.0
2024-07-18 12:51:49+00:00,btc_mxn,1148639.98,1148640.0,0.0
2024-07-18 12:51:50+00:00,btc_mxn,1148639.98,1148640.0,0.0
2024-07-18 12:51:51+00:00,btc_mxn,1148639.98,1148640.0,0.0
2024-07-18 12:51:52+00:00,btc_mxn,1148639.98,1148640.0,0.0
2024-07-18 12:51:53+00:00,btc_mxn,1148639.98,1148640.0,0.0
2024-07-18 12:51:54+00:00,btc_mxn,1148639.98,1148640.0,0.0
2024-07-18 12:51:55+00:00,btc_mxn,1148639.98,1148640.0,0.0
2024-07-18 12:51:56+00:00,btc_mxn,1148639.98,1148640.0,0.0
2024-07-18 12:51:57+00:00,btc_mxn,1148639.98,1148640.0,0.0
2024-07-18 12:51:58+00:00,btc_mxn,1148639.98,1148640.0,0.0
2024-07-18 12:51:59+00:00,btc_mxn,1148639.98,1148640.0,0.0
2024-07-18 12:52:00+00:00,btc_mxn,1148639.98,1148640.0,0.0
2024-07-18 12:52:01+00:00,btc_mxn,1148639.98,1148640.02,0.0
2024-07-18 12:52:02+00:00,btc_mxn,1148639.98,1148640.02,0.0
2024-07-18 12:52:03+00:00,btc_mxn,1148639.98,1148640.02,0.0
2024-07-18 12:52:04+00:00,btc_mxn,1148639.98,1148640.02,0.0
2024-07-18 12:52:05+00:00,btc_mxn,1148639.98,1148640.02,0.0
2024-07-18 12:52:06+00:00,btc_mxn,1148639.98,1148640.02,0.0
2024-07-18 12:52:07+00:00,btc_mxn,1148639.98,1148640.02,0.0
2024-07-18 12:52:08+00:00,btc_mxn,1148639.98,1148640.02,0.0
2024-07-18 12:52:09+00:00,btc_mxn,1148639.98,1148640.02,0.0
2024-07-18 12:52:10+00:00,btc_mxn,1148639.98,1148640.02,0.0
2024-07-18 12:52:11+00:00,btc_mxn,1148639.98,1148640.02,0.0
2024-07-18 12:52:12+00:00,btc_mxn,1148639.98,1148640.02,0.0
2024-07-18 12:52:13+00:00,btc_mxn,1148639.98,1148640.02,0.0
2024-07-18 12:52:14+00:00,btc_mxn,1148639.98,1148640.02,0.0
2024-07-18 12:52:15+00:00,btc_mxn,1148639.98,1148640.02,0.0
2024-07-18 12:52:16+00:00,btc_mxn,1148639.98,1148640.02,0.0
2024-07-18 12:52:17+00:00,btc_mxn,1148639.98,1148640.02,0.0
2024-07-18 12:52:18+00:00,btc_mxn,1148639.98,1148640.02,0.0
2024-07-18 12:52:19+00:00,btc_mxn,1148639.98,1148640.02,0.0
2024-07-18 12:52:20+00:00,btc_mxn,1148639.98,1148640.02,0.0
2024-07-18 12:52:21+00:00,btc_mxn,1148639.98,1148640.02,0.0
2024-07-18 12:52:22+00:00,btc_mxn,1148639.98,1148640.02,0.0
2024-07-18 12:52:23+00:00,btc_mxn,1148639.98,1148640.02,0.0
2024-07-18 12:52:24+00:00,btc_mxn,1148639.98,1148640.02,0.0
2024-07-18 12:52:25+00:00,btc_mxn,1148639.98,1148640.02,0.0
2024-07-18 12:52:26+00:00,btc_mxn,1148639.98,1148640.02,0.0
2024-07-18 12:52:27+00:00,btc_mxn,1148639.98,1148640.02,0.0
2024-07-18 12:52:28+00:00,btc_mxn,1148639.98,1148640.02,0.0
2024-07-18 12:52:29+00:00,btc_mxn,1148639.98,1148640.02,0.0
2024-07-18 12:52:30+00:00,btc_mxn,1148639.98,1148640.02,0.0
2024-07-18 12:52:31+00:00,btc_mxn,1148639.98,1148640.02,0.0
2024-07-18 12:52:32+00:00,btc_mxn,1148639.98,1148640.02,0.0
2024-07-18 12:52:34+00:00,btc_mxn,1148639.98,1148640.02,0.0
2024-07-18 12:52:34+00:00,btc_mxn,1148639.98,1148640.02,0.0
2024-07-18 12:52:36+00:00,btc_mxn,1148639.98,1148640.02,0.0
2024-07-18 12:52:36+00:00,btc_mxn,1148639.98,1148640.02,0.0
2024-07-18 12:52:38+00:00,btc_mxn,1148639.98,1148640.02,0.0
2024-07-18 12:52:38+00:00,btc_mxn,1148639.98,1148640.02,0.0
2024-07-18 12:52:40+00:00,btc_mxn,1148639.98,1148640.02,0.0
2024-07-18 12:52:41+00:00,btc_mxn,1148639.98,1148640.02,0.0
2024-07-18 12:52:42+00:00,btc_mxn,1148639.98,1148640.02,0.0
2024-07-18 12:52:43+00:00,btc_mxn,1148639.98,1148640.02,0.0
2024-07-18 12:52:44+00:00,btc_mxn,1148639.98,1148640.02,0.0
2024-07-18 12:52:45+00:00,btc_mxn,1148639.98,1148640.02,0.0
2024-07-18 12:52:46+00:00,btc_mxn,1148639.98,1148640.02,0.0
2024-07-18 12:52:47+00:00,btc_mxn,1148639.98,1148640.02,0.0
2024-07-18 12:52:48+00:00,btc_mxn,1148639.98,1148640.02,0.0
2024-07-18 12:52:49+00:00,btc_mxn,1148639.98,1148640.02,0.0
2024-07-18 12:52:50+00:00,btc_mxn,1148639.98,1148640.02,0.0
2024-07-18 12:52:51+00:00,btc_mxn,1148639.98,1148640.02,0.0
2024-07-18 12:52:52+00:00,btc_mxn,1148639.98,1148640.02,0.0
2024-07-18 12:52:53+00:00,btc_mxn,1148639.98,1148640.02,0.0
2024-07-18 12:52:54+00:00,btc_mxn,1148639.98,1148640.02,0.0
2024-07-18 12:52:55+00:00,btc_mxn,1148639.98,1148640.02,0.0
2024-07-18 12:52:56+00:00,btc_mxn,1148639.98,1148640.02,0.0
2024-07-18 12:52:57+00:00,btc_mxn,1148639.98,1148640.02,0.0
2024-07-18 12:52:58+00:00,btc_mxn,1148639.98,1148640.02,0.0
2024-07-18 12:52:59+00:00,btc_mxn,1148639.98,1148640.02,0.0
2024-07-18 12:53:00+00:00,btc_mxn,1148639.98,1148640.02,0.0
2024-07-18 12:53:01+00:00,btc_mxn,1148639.98,1148640.02,0.0
2024-07-18 12:53:02+00:00,btc_mxn,1148639.98,1148640.02,0.0
2024-07-18 12:53:03+00:00,btc_mxn,1148639.98,1148640.02,0.0
2024-07-18 12:53:04+00:00,btc_mxn,1148639.98,1148640.02,0.0
2024-07-18 12:53:05+00:00,btc_mxn,1148639.98,1148640.02,0.0
2024-07-18 12:53:06+00:00,btc_mxn,1148639.98,1148640.02,0.0
2024-07-18 12:53:07+00:00,btc_mxn,1148639.98,1148640.02,0.0
2024-07-18 12:53:08+00:00,btc_mxn,1148639.98,1148640.02,0.0
2024-07-18 12:53:09+00:00,btc_mxn,1148639.98,1148640.02,0.0
2024-07-18 12:53:10+00:00,btc_mxn,1148639.98,1148640.02,0.0
2024-07-18 12:53:11+00:00,btc_mxn,1148639.98,1148640.02,0.0
2024-07-18 12:53:12+00:00,btc_mxn,1148639.98,1148640.02,0.0
2024-07-18 12:53:13+00:00,btc_mxn,1148639.98,1148640.02,0.0
2024-07-18 12:53:14+00:00,btc_mxn,1148639.98,1148640.02,0.0
2024-07-18 12:53:15+00:00,btc_mxn,1148639.98,1148640.02,0.0
2024-07-18 12:53:16+00:00,btc_mxn,1148639.98,1148640.02,0.0
2024-07-18 12:53:17+00:00,btc_mxn,1148639.98,1148640.02,0.0
2024-07-18 12:53:18+00:00,btc_mxn,1148639.98,1148640.02,0.0
2024-07-18 12:53:19+00:00,btc_mxn,1148639.98,1148640.02,0.0
2024-07-18 12:53:20+00:00,btc_mxn,1148639.98,1148640.02,0.0
2024-07-18 12:53:21+00:00,btc_mxn,1148639.98,1148640.02,0.0
2024-07-18 12:53:22+00:00,btc_mxn,1148639.98,1148640.02,0.0
2024-07-18 12:53:23+00:00,btc_mxn,1148639.98,1148640.02,0.0
2024-07-18 12:53:24+00:00,btc_mxn,1148639.98,1148640.02,0.0
2024-07-18 12:53:25+00:00,btc_mxn,1148639.98,1148640.02,0.0
2024-07-18 12:53:26+00:00,btc_mxn,1148639.98,1148640.02,0.0
2024-07-18 12:53:27+00:00,btc_mxn,1148639.98,1148640.02,0.0
2024-07-18 12:53:28+00:00,btc_mxn,1148639.98,1148640.02,0.0
2024-07-18 12:53:29+00:00,btc_mxn,1148639.98,1148640.02,0.0
2024-07-18 12:53:30+00:00,btc_mxn,1148639.98,1148640.02,0.0
2024-07-18 12:53:31+00:00,btc_mxn,1148639.98,1148640.02,0.0
2024-07-18 12:53:32+00:00,btc_mxn,1148639.98,1148640.02,0.0
2024-07-18 12:53:33+00:00,btc_mxn,1148639.98,1148640.02,0.0
2024-07-18 12:53:34+00:00,btc_mxn,1148639.98,1148640.02,0.0
2024-07-18 12:53:35+00:00,btc_mxn,1148639.98,1148640.02,0.0
2024-07-18 12:53:36+00:00,btc_mxn,1148639.98,1148640.02,0.0
2024-07-18 12:53:37+00:00,btc_mxn,1148639.98,1148640.02,0.0
2024-07-18 12:53:38+00:00,btc_mxn,1148639.98,1148640.02,0.0
2024-07-18 12:53:40+00:00,btc_mxn,1148639.98,1148640.02,0.0
2024-07-18 12:53:41+00:00,btc_mxn,1148639.98,1148640.02,0.0
2024-07-18 12:53:42+00:00,btc_mxn,1148639.98,1148640.02,0.0
2024-07-18 12:53:43+00:00,btc_mxn,1148639.98,1148640.02,0.0
2024-07-18 12:53:44+00:00,btc_mxn,1148639.98,1148640.02,0.0
2024-07-18 12:53:45+00:00,btc_mxn,1148639.98,1148640.02,0.0
2024-07-18 12:53:46+00:00,btc_mxn,1148639.98,1148640.02,0.0
2024-07-18 12:53:47+00:00,btc_mxn,1148639.98,1148640.02,0.0
2024-07-18 12:53:48+00:00,btc_mxn,1148639.98,1148640.02,0.0
2024-07-18 12:53:49+00:00,btc_mxn,1148639.98,1148640.02,0.0
2024-07-18 12:53:50+00:00,btc_mxn,1148639.98,1148640.02,0.0
2024-07-18 12:53:51+00:00,btc_mxn,1148639.98,1148640.02,0.0
2024-07-18 12:53:52+00:00,btc_mxn,1148639.98,1148640.02,0.0
2024-07-18 12:53:53+00:00,btc_mxn,1148639.98,1148640.02,0.0
2024-07-18 12:53:54+00:00,btc_mxn,1148639.98,1148640.02,0.0
2024-07-18 12:53:55+00:00,btc_mxn,1148639.98,1148640.02,0.0
2024-07-18 12:53:56+00:00,btc_mxn,1148639.98,1148640.02,0.0
2024-07-18 12:53:57+00:00,btc_mxn,1148639.98,1148640.02,0.0
2024-07-18 12:53:58+00:00,btc_mxn,1148639.98,1148640.02,0.0
2024-07-18 12:53:59+00:00,btc_mxn,1148639.98,1148640.02,0.0
2024-07-18 12:54:00+00:00,btc_mxn,1148639.98,1148640.02,0.0
2024-07-18 12:54:01+00:00,btc_mxn,1148639.98,1148640.02,0.0
2024-07-18 12:54:02+00:00,btc_mxn,1148639.98,1148640.02,0.0
2024-07-18 12:54:03+00:00,btc_mxn,1148639.98,1148640.02,0.0
2024-07-18 12:54:04+00:00,btc_mxn,1148639.98,1148640.02,0.0
2024-07-18 12:54:05+00:00,btc_mxn,1148639.98,1148640.02,0.0
2024-07-18 12:54:06+00:00,btc_mxn,1148639.98,1148640.02,0.0
2024-07-18 12:54:07+00:00,btc_mxn,1148639.98,1148640.02,0.0
2024-07-18 12:54:08+00:00,btc_mxn,1148639.98,1148640.02,0.0
2024-07-18 12:54:09+00:00,btc_mxn,1148639.98,1148640.02,0.0
2024-07-18 12:54:10+00:00,btc_mxn,1148639.98,1148640.02,0.0
2024-07-18 12:54:11+00:00,btc_mxn,1148639.98,1148640.02,0.0
2024-07-18 12:54:12+00:00,btc_mxn,1148639.98,1148640.02,0.0
2024-07-18 12:54:13+00:00,btc_mxn,1148639.98,1148640.02,0.0
2024-07-18 12:54:14+00:00,btc_mxn,1148639.98,1148640.02,0.0
2024-07-18 12:54:15+00:00,btc_mxn,1148639.98,1148640.02,0.0
2024-07-18 12:54:16+00:00,btc_mxn,1148639.98,1148640.02,0.0
2024-07-18 12:54:17+00:00,btc_mxn,1148639.98,1148640.02,0.0
2024-07-18 12:54:18+00:00,btc_mxn,1148639.98,1148640.02,0.0
2024-07-18 12:54:19+00:00,btc_mxn,1148639.98,1148640.02,0.0
2024-07-18 12:54:20+00:00,btc_mxn,1148639.98,1148640.02,0.0
2024-07-18 12:54:21+00:00,btc_mxn,1148639.98,1148640.02,0.0
2024-07-18 12:54:22+00:00,btc_mxn,1148639.98,1148640.02,0.0
2024-07-18 12:54:23+00:00,btc_mxn,1148639.98,1148640.02,0.0
2024-07-18 12:54:24+00:00,btc_mxn,1148639.98,1148640.02,0.0
2024-07-18 12:54:25+00:00,btc_mxn,1148639.98,1148640.02,0.0
2024-07-18 12:54:26+00:00,btc_mxn,1148639.98,1148640.02,0.0
2024-07-18 12:54:27+00:00,btc_mxn,1148639.98,1148640.02,0.0
2024-07-18 12:54:28+00:00,btc_mxn,1148639.98,1148640.02,0.0
2024-07-18 12:54:29+00:00,btc_mxn,1148639.98,1148640.02,0.0
2024-07-18 12:54:31+00:00,btc_mxn,1148639.98,1148640.02,0.0
2024-07-18 12:54:32+00:00,btc_mxn,1148639.98,1148640.02,0.0
2024-07-18 12:54:33+00:00,btc_mxn,1148639.98,1148640.02,0.0
2024-07-18 12:54:34+00:00,btc_mxn,1148639.98,1148640.02,0.0
2024-07-18 12:54:35+00:00,btc_mxn,1148639.98,1148640.02,0.0
2024-07-18 12:54:36+00:00,btc_mxn,1148639.98,1148640.02,0.0
2024-07-18 12:54:37+00:00,btc_mxn,1148639.98,1148640.02,0.0
2024-07-18 12:54:38+00:00,btc_mxn,1148639.98,1148640.02,0.0
2024-07-18 12:54:39+00:00,btc_mxn,1148639.98,1148640.02,0.0
2024-07-18 12:54:40+00:00,btc_mxn,1148639.98,1148640.02,0.0
2024-07-18 12:54:41+00:00,btc_mxn,1148639.98,1148640.02,0.0
2024-07-18 12:54:42+00:00,btc_mxn,1148639.98,1148640.02,0.0
2024-07-18 12:54:43+00:00,btc_mxn,1148639.98,1148640.02,0.0
2024-07-18 12:54:44+00:00,btc_mxn,1148639.98,1148640.02,0.0
2024-07-18 12:54:45+00:00,btc_mxn,1148639.98,1148640.02,0.0
2024-07-18 12:54:46+00:00,btc_mxn,1148639.98,1148640.02,0.0
2024-07-18 12:54:47+00:00,btc_mxn,1148639.98,1148640.02,0.0
2024-07-18 12:54:48+00:00,btc_mxn,1148639.98,1148640.02,0.0
2024-07-18 12:54:49+00:00,btc_mxn,1148639.98,1148640.02,0.0
2024-07-18 12:54:50+00:00,btc_mxn,1148639.98,1148640.02,0.0
2024-07-18 12:54:51+00:00,btc_mxn,1148639.98,1148640.02,0.0
2024-07-18 12:54:52+00:00,btc_mxn,1148639.98,1148640.02,0.0
2024-07-18 12:54:53+00:00,btc_mxn,1148639.98,1148640.02,0.0
2024-07-18 12:54:54+00:00,btc_mxn,1148639.98,1148640.02,0.0
2024-07-18 12:54:55+00:00,btc_mxn,1148639.98,1148640.02,0.0
2024-07-18 12:54:56+00:00,btc_mxn,1148639.98,1148640.02,0.0
2024-07-18 12:54:57+00:00,btc_mxn,1148639.98,1148640.02,0.0
2024-07-18 12:54:58+00:00,btc_mxn,1148639.98,1148640.02,0.0
2024-07-18 12:54:59+00:00,btc_mxn,1148639.98,1148640.02,0.0
2024-07-18 12:55:00+00:00,btc_mxn,1148639.98,1148640.02,0.0
2024-07-18 12:55:01+00:00,btc_mxn,1148639.98,1148640.02,0.0
2024-07-18 12:55:02+00:00,btc_mxn,1148639.98,1148640.02,0.0
2024-07-18 12:55:03+00:00,btc_mxn,1148639.98,1148640.02,0.0
2024-07-18 12:55:04+00:00,btc_mxn,1148639.98,1148640.02,0.0
2024-07-18 12:55:05+00:00,btc_mxn,1148639.98,1148640.02,0.0
2024-07-18 12:55:06+00:00,btc_mxn,1148639.98,1148640.02,0.0
2024-07-18 12:55:07+00:00,btc_mxn,1148639.98,1148640.02,0.0
2024-07-18 12:55:08+00:00,btc_mxn,1148639.98,1148640.02,0.0
2024-07-18 12:55:09+00:00,btc_mxn,1148639.98,1148640.02,0.0
2024-07-18 12:55:10+00:00,btc_mxn,1148639.98,1148640.02,0.0
2024-07-18 12:55:11+00:00,btc_mxn,1148639.98,1148640.02,0.0
2024-07-18 12:55:12+00:00,btc_mxn,1148639.98,1148640.02,0.0
2024-07-18 12:55:13+00:00,btc_mxn,1148639.98,1148640.02,0.0
2024-07-18 12:55:14+00:00,btc_mxn,1148639.98,1148640.02,0.0
2024-07-18 12:55:15+00:00,btc_mxn,1148639.98,1148640.02,0.0
2024-07-18 12:55:16+00:00,btc_mxn,1148639.98,1148640.02,0.0
2024-07-18 12:55:17+00:00,btc_mxn,1148639.98,1148640.02,0.0
2024-07-18 12:55:18+00:00,btc_mxn,1148639.98,1148640.02,0.0
2024-07-18 12:55:19+00:00,btc_mxn,1148639.98,1148640.02,0.0
2024-07-18 12:55:20+00:00,btc_mxn,1148639.98,1148640.02,0.0
2024-07-18 12:55:21+00:00,btc_mxn,1148639.98,1148640.02,0.0
2024-07-18 12:55:22+00:00,btc_mxn,1148639.98,1148640.02,0.0
2024-07-18 12:55:23+00:00,btc_mxn,1148639.98,1148640.02,0.0
2024-07-18 12:55:24+00:00,btc_mxn,1148639.98,1148640.02,0.0
2024-07-18 12:55:25+00:00,btc_mxn,1148639.98,1148640.02,0.0
2024-07-18 12:55:26+00:00,btc_mxn,1148639.98,1148640.02,0.0
2024-07-18 12:55:27+00:00,btc_mxn,1148639.98,1148640.02,0.0
2024-07-18 12:55:29+00:00,btc_mxn,1148639.98,1148640.02,0.0
2024-07-18 12:55:30+00:00,btc_mxn,1148639.98,1148640.02,0.0
2024-07-18 12:55:31+00:00,btc_mxn,1148639.98,1148640.02,0.0
2024-07-18 12:55:32+00:00,btc_mxn,1148639.98,1148640.02,0.0
2024-07-18 12:55:33+00:00,btc_mxn,1148639.98,1148640.02,0.0
2024-07-18 12:55:34+00:00,btc_mxn,1148639.98,1148640.02,0.0
2024-07-18 12:55:35+00:00,btc_mxn,1148639.98,1148640.02,0.0
2024-07-18 12:55:36+00:00,btc_mxn,1148639.98,1148640.02,0.0
2024-07-18 12:55:37+00:00,btc_mxn,1148639.98,1148640.02,0.0
2024-07-18 12:55:38+00:00,btc_mxn,1148639.98,1148640.02,0.0
2024-07-18 12:55:39+00:00,btc_mxn,1148639.98,1148640.02,0.0
2024-07-18 12:55:40+00:00,btc_mxn,1148639.98,1148640.02,0.0
2024-07-18 12:55:41+00:00,btc_mxn,1148639.98,1148640.02,0.0
2024-07-18 12:55:42+00:00,btc_mxn,1148639.98,1148640.02,0.0
2024-07-18 12:55:43+00:00,btc_mxn,1148639.98,1148640.02,0.0
2024-07-18 12:55:44+00:00,btc_mxn,1148639.98,1148640.02,0.0
2024-07-18 12:55:45+00:00,btc_mxn,1148639.98,1148640.02,0.0
2024-07-18 12:55:46+00:00,btc_mxn,1148639.98,1148640.02,0.0
2024-07-18 12:55:47+00:00,btc_mxn,1148639.98,1148640.02,0.0
2024-07-18 12:55:48+00:00,btc_mxn,1148639.98,1148640.02,0.0
2024-07-18 12:55:49+00:00,btc_mxn,1148639.98,1148640.02,0.0
2024-07-18 12:55:50+00:00,btc_mxn,1148639.98,1148640.02,0.0
2024-07-18 12:55:51+00:00,btc_mxn,1148639.98,1148640.02,0.0
2024-07-18 12:55:52+00:00,btc_mxn,1148639.98,1148640.02,0.0
2024-07-18 12:55:53+00:00,btc_mxn,1148639.98,1148640.02,0.0
2024-07-18 12:55:54+00:00,btc_mxn,1148639.98,1148640.02,0.0
2024-07-18 12:55:55+00:00,btc_mxn,1148639.98,1148640.02,0.0
2024-07-18 12:55:56+00:00,btc_mxn,1148639.98,1148640.02,0.0
2024-07-18 12:55:57+00:00,btc_mxn,1148639.98,1148640.02,0.0
2024-07-18 12:55:58+00:00,btc_mxn,1148639.98,1148640.02,0.0
2024-07-18 12:55:59+00:00,btc_mxn,1148639.98,1148640.02,0.0
2024-07-18 12:56:00+00:00,btc_mxn,1148639.98,1148640.02,0.0
2024-07-18 12:56:01+00:00,btc_mxn,1148639.98,1148640.02,0.0
2024-07-18 12:56:02+00:00,btc_mxn,1148639.98,1148640.02,0.0
2024-07-18 12:56:03+00:00,btc_mxn,1148639.98,1148640.02,0.0
2024-07-18 12:56:04+00:00,btc_mxn,1148639.98,1148640.02,0.0
2024-07-18 12:56:05+00:00,btc_mxn,1148639.98,1148640.02,0.0
2024-07-18 12:56:06+00:00,btc_mxn,1149999.98,1150000.02,0.0
2024-07-18 12:56:07+00:00,btc_mxn,1149999.98,1150000.02,0.0
2024-07-18 12:56:08+00:00,btc_mxn,1149999.98,1150000.02,0.0
2024-07-18 12:56:09+00:00,btc_mxn,1149999.98,1150000.02,0.0
2024-07-18 12:56:10+00:00,btc_mxn,1149999.98,1150000.02,0.0
2024-07-18 12:56:11+00:00,btc_mxn,1149999.98,1150000.02,0.0
2024-07-18 12:56:12+00:00,btc_mxn,1149999.98,1150000.02,0.0
2024-07-18 12:56:13+00:00,btc_mxn,1149999.98,1150000.02,0.0
2024-07-18 12:56:14+00:00,btc_mxn,1149999.98,1150000.02,0.0
2024-07-18 12:56:15+00:00,btc_mxn,1149999.98,1150000.02,0.0
2024-07-18 12:56:16+00:00,btc_mxn,1149999.98,1150000.02,0.0
2024-07-18 12:56:17+00:00,btc_mxn,1149999.98,1150000.02,0.0
2024-07-18 12:56:18+00:00,btc_mxn,1149999.98,1150000.02,0.0
2024-07-18 12:56:19+00:00,btc_mxn,1149999.98,1150000.02,0.0
2024-07-18 12:56:20+00:00,btc_mxn,1149999.98,1150000.02,0.0
2024-07-18 12:56:21+00:00,btc_mxn,1149999.98,1150000.02,0.0
2024-07-18 12:56:22+00:00,btc_mxn,1149999.98,1150000.02,0.0
2024-07-18 12:56:23+00:00,btc_mxn,1149999.98,1150000.02,0.0
2024-07-18 12:56:24+00:00,btc_mxn,1149999.98,1150000.02,0.0
2024-07-18 12:56:25+00:00,btc_mxn,1149999.98,1150000.02,0.0
2024-07-18 12:56:26+00:00,btc_mxn,1149999.98,1150000.02,0.0
2024-07-18 12:56:27+00:00,btc_mxn,1149999.98,1150000.02,0.0
2024-07-18 12:56:28+00:00,btc_mxn,1149999.98,1150000.02,0.0
2024-07-18 12:56:29+00:00,btc_mxn,1149999.98,1150000.02,0.0
2024-07-18 12:56:30+00:00,btc_mxn,1149999.98,1150000.02,0.0
2024-07-18 12:56:31+00:00,btc_mxn,1149999.98,1150000.02,0.0
2024-07-18 12:56:33+00:00,btc_mxn,1149999.98,1150000.02,0.0
2024-07-18 12:56:34+00:00,btc_mxn,1149999.98,1150000.02,0.0
2024-07-18 12:56:35+00:00,btc_mxn,1149999.98,1150000.02,0.0
2024-07-18 12:56:36+00:00,btc_mxn,1149999.98,1150000.02,0.0
2024-07-18 12:56:37+00:00,btc_mxn,1149999.98,1150000.02,0.0
2024-07-18 12:56:38+00:00,btc_mxn,1149999.98,1150000.02,0.0
2024-07-18 12:56:39+00:00,btc_mxn,1149999.98,1150000.02,0.0
2024-07-18 12:56:40+00:00,btc_mxn,1149999.98,1150000.02,0.0
2024-07-18 12:56:41+00:00,btc_mxn,1149999.98,1150000.02,0.0
2024-07-18 12:56:42+00:00,btc_mxn,1149999.98,1150000.02,0.0
2024-07-18 12:56:43+00:00,btc_mxn,1149999.98,1150000.02,0.0
2024-07-18 12:56:44+00:00,btc_mxn,1149999.98,1150000.02,0.0
2024-07-18 12:56:45+00:00,btc_mxn,1149999.98,1150000.02,0.0
2024-07-18 12:56:46+00:00,btc_mxn,1149999.98,1150000.02,0.0
2024-07-18 12:56:47+00:00,btc_mxn,1149999.98,1150000.02,0.0
2024-07-18 12:56:48+00:00,btc_mxn,1149999.98,1150000.02,0.0
2024-07-18 12:56:49+00:00,btc_mxn,1149999.98,1150000.02,0.0
2024-07-18 12:56:50+00:00,btc_mxn,1149999.98,1150000.02,0.0
2024-07-18 12:56:51+00:00,btc_mxn,1149999.98,1150000.02,0.0
2024-07-18 12:56:52+00:00,btc_mxn,1149999.98,1150000.02,0.0
2024-07-18 12:56:53+00:00,btc_mxn,1149999.98,1150000.02,0.0
2024-07-18 12:56:54+00:00,btc_mxn,1149999.98,1150000.02,0.0
2024-07-18 12:56:55+00:00,btc_mxn,1149999.98,1150000.02,0.0
2024-07-18 12:56:56+00:00,btc_mxn,1149999.98,1150000.02,0.0
2024-07-18 12:56:57+00:00,btc_mxn,1149999.98,1150000.02,0.0
2024-07-18 12:56:58+00:00,btc_mxn,1149999.98,1150000.02,0.0
2024-07-18 12:56:59+00:00,btc_mxn,1149999.98,1150000.02,0.0
2024-07-18 12:57:00+00:00,btc_mxn,1149999.98,1150000.02,0.0
2024-07-18 12:57:01+00:00,btc_mxn,1149999.98,1150000.02,0.0
2024-07-18 12:57:02+00:00,btc_mxn,1149999.98,1150000.02,0.0
2024-07-18 12:57:03+00:00,btc_mxn,1149999.98,1150000.02,0.0
2024-07-18 12:57:04+00:00,btc_mxn,1149999.98,1150000.02,0.0
2024-07-18 12:57:05+00:00,btc_mxn,1149999.98,1150000.02,0.0
2024-07-18 12:57:06+00:00,btc_mxn,1149999.98,1150000.02,0.0
2024-07-18 12:57:07+00:00,btc_mxn,1149999.98,1150000.02,0.0
2024-07-18 12:57:08+00:00,btc_mxn,1149999.98,1150000.02,0.0
2024-07-18 12:57:09+00:00,btc_mxn,1149999.98,1150000.02,0.0
2024-07-18 12:57:10+00:00,btc_mxn,1149999.98,1150000.02,0.0
2024-07-18 12:57:11+00:00,btc_mxn,1149999.98,1150000.02,0.0
2024-07-18 12:57:12+00:00,btc_mxn,1149999.98,1150000.02,0.0
2024-07-18 12:57:13+00:00,btc_mxn,1149999.98,1150000.02,0.0
2024-07-18 12:57:14+00:00,btc_mxn,1149999.98,1150000.02,0.0
2024-07-18 12:57:15+00:00,btc_mxn,1149999.98,1150000.02,0.0
2024-07-18 12:57:16+00:00,btc_mxn,1149999.98,1150000.02,0.0
2024-07-18 12:57:17+00:00,btc_mxn,1149999.98,1150000.02,0.0
2024-07-18 12:57:18+00:00,btc_mxn,1149999.98,1150000.02,0.0
2024-07-18 12:57:19+00:00,btc_mxn,1149999.98,1150000.02,0.0
2024-07-18 12:57:20+00:00,btc_mxn,1149999.98,1150000.02,0.0
2024-07-18 12:57:22+00:00,btc_mxn,1149999.98,1150000.02,0.0
2024-07-18 12:57:23+00:00,btc_mxn,1149999.98,1150000.02,0.0
2024-07-18 12:57:23+00:00,btc_mxn,1149999.98,1150000.02,0.0
2024-07-18 12:57:25+00:00,btc_mxn,1149999.98,1150000.02,0.0
2024-07-18 12:57:26+00:00,btc_mxn,1149999.98,1150000.02,0.0
2024-07-18 12:57:27+00:00,btc_mxn,1149999.98,1150000.02,0.0
2024-07-18 12:57:28+00:00,btc_mxn,1149999.98,1150000.02,0.0
2024-07-18 12:57:29+00:00,btc_mxn,1149999.98,1150000.02,0.0
2024-07-18 12:57:30+00:00,btc_mxn,1149999.98,1150000.02,0.0
2024-07-18 12:57:31+00:00,btc_mxn,1149999.98,1150000.02,0.0
2024-07-18 12:57:32+00:00,btc_mxn,1149999.98,1150000.02,0.0
2024-07-18 12:57:34+00:00,btc_mxn,1149999.98,1150000.02,0.0
2024-07-18 12:57:34+00:00,btc_mxn,1149999.98,1150000.02,0.0
2024-07-18 12:57:35+00:00,btc_mxn,1149999.98,1150000.02,0.0
2024-07-18 12:57:36+00:00,btc_mxn,1149999.98,1150000.02,0.0
2024-07-18 12:57:37+00:00,btc_mxn,1149999.98,1150000.02,0.0
2024-07-18 12:57:38+00:00,btc_mxn,1149999.98,1150000.02,0.0
2024-07-18 12:57:39+00:00,btc_mxn,1149999.98,1150000.02,0.0
2024-07-18 12:57:40+00:00,btc_mxn,1149999.98,1150000.02,0.0
2024-07-18 12:57:41+00:00,btc_mxn,1149999.98,1150000.02,0.0
2024-07-18 12:57:42+00:00,btc_mxn,1149999.98,1150000.02,0.0
2024-07-18 12:57:43+00:00,btc_mxn,1149999.98,1150000.02,0.0
2024-07-18 12:57:44+00:00,btc_mxn,1149999.98,1150000.02,0.0
2024-07-18 12:57:45+00:00,btc_mxn,1149999.98,1150000.02,0.0
2024-07-18 12:57:46+00:00,btc_mxn,1149999.98,1150000.02,0.0
2024-07-18 12:57:47+00:00,btc_mxn,1149999.98,1150000.02,0.0
2024-07-18 12:57:48+00:00,btc_mxn,1149999.98,1150000.02,0.0
2024-07-18 12:57:49+00:00,btc_mxn,1149999.98,1150000.02,0.0
2024-07-18 12:57:50+00:00,btc_mxn,1149999.98,1150000.02,0.0
2024-07-18 12:57:51+00:00,btc_mxn,1149999.98,1150000.02,0.0
2024-07-18 12:57:52+00:00,btc_mxn,1149999.98,1150000.02,0.0
2024-07-18 12:57:53+00:00,btc_mxn,1149999.98,1150000.02,0.0
2024-07-18 12:57:54+00:00,btc_mxn,1149999.98,1150000.02,0.0
2024-07-18 12:57:55+00:00,btc_mxn,1149999.98,1150000.02,0.0
2024-07-18 12:57:56+00:00,btc_mxn,1149999.98,1150000.02,0.0
2024-07-18 12:57:57+00:00,btc_mxn,1149999.98,1150000.02,0.0
2024-07-18 12:57:59+00:00,btc_mxn,1149999.98,1150000.02,0.0
2024-07-18 12:58:00+00:00,btc_mxn,1149999.98,1150000.02,0.0
2024-07-18 12:58:01+00:00,btc_mxn,1149999.98,1150000.02,0.0
2024-07-18 12:58:02+00:00,btc_mxn,1149999.98,1150000.02,0.0
2024-07-18 12:58:03+00:00,btc_mxn,1149999.98,1150000.02,0.0
2024-07-18 12:58:04+00:00,btc_mxn,1149999.98,1150000.02,0.0
2024-07-18 12:58:05+00:00,btc_mxn,1149999.98,1150000.02,0.0
2024-07-18 12:58:06+00:00,btc_mxn,1149999.98,1150000.02,0.0
2024-07-18 12:58:07+00:00,btc_mxn,1149999.98,1150000.02,0.0
2024-07-18 12:58:08+00:00,btc_mxn,1149999.98,1150000.02,0.0
2024-07-18 12:58:09+00:00,btc_mxn,1149999.98,1150000.02,0.0
2024-07-18 12:58:10+00:00,btc_mxn,1149999.98,1150000.02,0.0
2024-07-18 12:58:11+00:00,btc_mxn,1149999.98,1150000.02,0.0
2024-07-18 12:58:12+00:00,btc_mxn,1149999.98,1150000.02,0.0
2024-07-18 12:58:13+00:00,btc_mxn,1149999.98,1150000.02,0.0
2024-07-18 12:58:14+00:00,btc_mxn,1149999.98,1150000.02,0.0
2024-07-18 12:58:15+00:00,btc_mxn,1149999.98,1150000.02,0.0
2024-07-18 12:58:16+00:00,btc_mxn,1149999.98,1150000.02,0.0
2024-07-18 12:58:17+00:00,btc_mxn,1149999.98,1150000.02,0.0
2024-07-18 12:58:18+00:00,btc_mxn,1149999.98,1150000.02,0.0
2024-07-18 12:58:19+00:00,btc_mxn,1149999.98,1150000.02,0.0
2024-07-18 12:58:20+00:00,btc_mxn,1149999.98,1150000.02,0.0
2024-07-18 12:58:21+00:00,btc_mxn,1149999.98,1150000.02,0.0
2024-07-18 12:58:22+00:00,btc_mxn,1149999.98,1150000.02,0.0
2024-07-18 12:58:23+00:00,btc_mxn,1149999.98,1150000.02,0.0
2024-07-18 12:58:24+00:00,btc_mxn,1149999.98,1150000.02,0.0
2024-07-18 12:58:25+00:00,btc_mxn,1149999.98,1150000.02,0.0
2024-07-18 12:58:26+00:00,btc_mxn,1149999.98,1150000.02,0.0
2024-07-18 12:58:27+00:00,btc_mxn,1149999.98,1150000.02,0.0
2024-07-18 12:58:28+00:00,btc_mxn,1149999.98,1150000.02,0.0
2024-07-18 12:58:29+00:00,btc_mxn,1149999.98,1150000.02,0.0
2024-07-18 12:58:30+00:00,btc_mxn,1149999.98,1150000.02,0.0
2024-07-18 12:58:31+00:00,btc_mxn,1149999.98,1150000.02,0.0
2024-07-18 12:58:32+00:00,btc_mxn,1149999.98,1150000.02,0.0
2024-07-18 12:58:33+00:00,btc_mxn,1149999.98,1150000.02,0.0
2024-07-18 12:58:34+00:00,btc_mxn,1149999.98,1150000.02,0.0
2024-07-18 12:58:35+00:00,btc_mxn,1149999.98,1150000.02,0.0
2024-07-18 12:58:36+00:00,btc_mxn,1149999.98,1150000.02,0.0
2024-07-18 12:58:37+00:00,btc_mxn,1149999.98,1150000.02,0.0
2024-07-18 12:58:38+00:00,btc_mxn,1149999.98,1150000.02,0.0
2024-07-18 12:58:39+00:00,btc_mxn,1149999.98,1150000.02,0.0
2024-07-18 12:58:40+00:00,btc_mxn,1149999.98,1150000.02,0.0
2024-07-18 12:58:41+00:00,btc_mxn,1149999.98,1150000.02,0.0
2024-07-18 12:58:42+00:00,btc_mxn,1149999.98,1150000.02,0.0
2024-07-18 12:58:43+00:00,btc_mxn,1149999.98,1150000.02,0.0
2024-07-18 12:58:44+00:00,btc_mxn,1149999.98,1150000.02,0.0
2024-07-18 12:58:45+00:00,btc_mxn,1149999.98,1150000.02,0.0
2024-07-18 12:58:47+00:00,btc_mxn,1149999.98,1150000.02,0.0
2024-07-18 12:58:48+00:00,btc_mxn,1149999.98,1150000.02,0.0
2024-07-18 12:58:49+00:00,btc_mxn,1149999.98,1150000.02,0.0
2024-07-18 12:58:50+00:00,btc_mxn,1149999.98,1150000.02,0.0
2024-07-18 12:58:51+00:00,btc_mxn,1149999.98,1150000.02,0.0
2024-07-18 12:58:52+00:00,btc_mxn,1149999.98,1150000.02,0.0
2024-07-18 12:58:53+00:00,btc_mxn,1149999.98,1150000.02,0.0
2024-07-18 12:58:54+00:00,btc_mxn,1149999.98,1150000.02,0.0
2024-07-18 12:58:55+00:00,btc_mxn,1149999.98,1150000.02,0.0
2024-07-18 12:58:56+00:00,btc_mxn,1149999.98,1150000.02,0.0
2024-07-18 12:58:57+00:00,btc_mxn,1149999.98,1150000.02,0.0
2024-07-18 12:58:58+00:00,btc_mxn,1149999.98,1150000.02,0.0
2024-07-18 12:58:59+00:00,btc_mxn,1149999.98,1150000.02,0.0
2024-07-18 12:59:00+00:00,btc_mxn,1149999.98,1150000.02,0.0
2024-07-18 12:59:01+00:00,btc_mxn,1149999.98,1150000.02,0.0
2024-07-18 12:59:02+00:00,btc_mxn,1149999.98,1150000.02,0.0
2024-07-18 12:59:03+00:00,btc_mxn,1149999.98,1150000.02,0.0
2024-07-18 12:59:04+00:00,btc_mxn,1147220.0,1149970.0,0.239
2024-07-18 12:59:05+00:00,btc_mxn,1147220.0,1149970.0,0.239
2024-07-18 12:59:06+00:00,btc_mxn,1147220.0,1149900.0,0.233
2024-07-18 12:59:07+00:00,btc_mxn,1147220.0,1149840.0,0.228
2024-07-18 12:59:08+00:00,btc_mxn,1147240.0,1149840.0,0.226
2024-07-18 12:59:09+00:00,btc_mxn,1147220.0,1149790.0,0.224
2024-07-18 12:59:10+00:00,btc_mxn,1147220.0,1149750.0,0.22
2024-07-18 12:59:11+00:00,btc_mxn,1147220.0,1149750.0,0.22
2024-07-18 12:59:12+00:00,btc_mxn,1147220.0,1149750.0,0.22
2024-07-18 12:59:13+00:00,btc_mxn,1147220.0,1149650.0,0.211
2024-07-18 12:59:14+00:00,btc_mxn,1147580.0,1149640.0,0.179
2024-07-18 12:59:15+00:00,btc_mxn,1147580.0,1149640.0,0.179
2024-07-18 12:59:16+00:00,btc_mxn,1147580.0,1149640.0,0.179
2024-07-18 12:59:17+00:00,btc_mxn,1147220.0,1149640.0,0.211
2024-07-18 12:59:18+00:00,btc_mxn,1147220.0,1149640.0,0.211
2024-07-18 12:59:19+00:00,btc_mxn,1147220.0,1149640.0,0.211
2024-07-18 12:59:20+00:00,btc_mxn,1147220.0,1149640.0,0.211
2024-07-18 12:59:21+00:00,btc_mxn,1147220.0,1149640.0,0.211
2024-07-18 12:59:22+00:00,btc_mxn,1147220.0,1149640.0,0.211
2024-07-18 12:59:23+00:00,btc_mxn,1147220.0,1149640.0,0.211
2024-07-18 12:59:24+00:00,btc_mxn,1147220.0,1149640.0,0.211
2024-07-18 12:59:25+00:00,btc_mxn,1147220.0,1149640.0,0.211
2024-07-18 12:59:26+00:00,btc_mxn,1147220.0,1149640.0,0.211
2024-07-18 12:59:27+00:00,btc_mxn,1147220.0,1149640.0,0.211
2024-07-18 12:59:28+00:00,btc_mxn,1147220.0,1149640.0,0.211
2024-07-18 12:59:29+00:00,btc_mxn,1147220.0,1149640.0,0.211
2024-07-18 12:59:30+00:00,btc_mxn,1147220.0,1149640.0,0.211
2024-07-18 12:59:31+00:00,btc_mxn,1147220.0,1149640.0,0.211
2024-07-18 12:59:32+00:00,btc_mxn,1147220.0,1149640.0,0.211
2024-07-18 12:59:33+00:00,btc_mxn,1147220.0,1149640.0,0.211
2024-07-18 12:59:34+00:00,btc_mxn,1147220.0,1149640.0,0.211
2024-07-18 12:59:35+00:00,btc_mxn,1147220.0,1149640.0,0.211
2024-07-18 12:59:36+00:00,btc_mxn,1147220.0,1149640.0,0.211
2024-07-18 12:59:37+00:00,btc_mxn,1147220.0,1149640.0,0.211
2024-07-18 12:59:38+00:00,btc_mxn,1147220.0,1149640.0,0.211
2024-07-18 12:59:39+00:00,btc_mxn,1147220.0,1149640.0,0.211
2024-07-18 12:59:40+00:00,btc_mxn,1147220.0,1149640.0,0.211
2024-07-18 12:59:41+00:00,btc_mxn,1147220.0,1149640.0,0.211
2024-07-18 12:59:42+00:00,btc_mxn,1147220.0,1149640.0,0.211
2024-07-18 12:59:43+00:00,btc_mxn,1147220.0,1149640.0,0.211
2024-07-18 12:59:44+00:00,btc_mxn,1147220.0,1149640.0,0.211
2024-07-18 12:59:45+00:00,btc_mxn,1147220.0,1149640.0,0.211
2024-07-18 12:59:46+00:00,btc_mxn,1147220.0,1149640.0,0.211
2024-07-18 12:59:47+00:00,btc_mxn,1147220.0,1149640.0,0.211
2024-07-18 12:59:48+00:00,btc_mxn,1147220.0,1149640.0,0.211
2024-07-18 12:59:49+00:00,btc_mxn,1147220.0,1149640.0,0.211
2024-07-18 12:59:50+00:00,btc_mxn,1147220.0,1149640.0,0.211
2024-07-18 12:59:51+00:00,btc_mxn,1147220.0,1149640.0,0.211
2024-07-18 12:59:53+00:00,btc_mxn,1147220.0,1149640.0,0.211
2024-07-18 12:59:53+00:00,btc_mxn,1147220.0,1149640.0,0.211
2024-07-18 12:59:55+00:00,btc_mxn,1147220.0,1149640.0,0.211
2024-07-18 12:59:56+00:00,btc_mxn,1147220.0,1149640.0,0.211
2024-07-18 12:59:57+00:00,btc_mxn,1147220.0,1149640.0,0.211
2024-07-18 12:59:58+00:00,btc_mxn,1147220.0,1149640.0,0.211
2024-07-18 12:59:59+00:00,btc_mxn,1147220.0,1149640.0,0.211
2024-07-18 13:00:00+00:00,btc_mxn,1147220.0,1149640.0,0.211
2024-07-18 13:00:01+00:00,btc_mxn,1147200.0,1149640.0,0.212
2024-07-18 13:00:02+00:00,btc_mxn,1147260.0,1149640.0,0.207
2024-07-18 13:00:03+00:00,btc_mxn,1147410.0,1149640.0,0.194
2024-07-18 13:00:04+00:00,btc_mxn,1147410.0,1149640.0,0.194
2024-07-18 13:00:05+00:00,btc_mxn,1147410.0,1149640.0,0.194
2024-07-18 13:00:06+00:00,btc_mxn,1147410.0,1149640.0,0.194
2024-07-18 13:00:07+00:00,btc_mxn,1148190.0,1149640.0,0.126
2024-07-18 13:00:08+00:00,btc_mxn,1148190.0,1149640.0,0.126
2024-07-18 13:00:09+00:00,btc_mxn,1148190.0,1149640.0,0.126
2024-07-18 13:00:10+00:00,btc_mxn,1148180.0,1149640.0,0.127
2024-07-18 13:00:11+00:00,btc_mxn,1148300.0,1149640.0,0.117
2024-07-18 13:00:12+00:00,btc_mxn,1148300.0,1149920.0,0.141
2024-07-18 13:00:13+00:00,btc_mxn,1148320.0,1149920.0,0.139
2024-07-18 13:00:14+00:00,btc_mxn,1148320.0,1149920.0,0.139
2024-07-18 13:00:15+00:00,btc_mxn,1148350.0,1149920.0,0.137
2024-07-18 13:00:16+00:00,btc_mxn,1148350.0,1149920.0,0.137
2024-07-18 13:00:17+00:00,btc_mxn,1148360.0,1149920.0,0.136
2024-07-18 13:00:18+00:00,btc_mxn,1148360.0,1149920.0,0.136
2024-07-18 13:00:19+00:00,btc_mxn,1148360.0,1149920.0,0.136
2024-07-18 13:00:20+00:00,btc_mxn,1148360.0,1149920.0,0.136
2024-07-18 13:00:21+00:00,btc_mxn,1148360.0,1149920.0,0.136
2024-07-18 13:00:22+00:00,btc_mxn,1148360.0,1149920.0,0.136
2024-07-18 13:00:23+00:00,btc_mxn,1148360.0,1149920.0,0.136
2024-07-18 13:00:24+00:00,btc_mxn,1148360.0,1149920.0,0.136
2024-07-18 13:00:25+00:00,btc_mxn,1148360.0,1149920.0,0.136
2024-07-18 13:00:26+00:00,btc_mxn,1148360.0,1149920.0,0.136
2024-07-18 13:00:27+00:00,btc_mxn,1148360.0,1149920.0,0.136
2024-07-18 13:00:28+00:00,btc_mxn,1148360.0,1149920.0,0.136
2024-07-18 13:00:29+00:00,btc_mxn,1148360.0,1149920.0,0.136
2024-07-18 13:00:30+00:00,btc_mxn,1148360.0,1149920.0,0.136
2024-07-18 13:00:31+00:00,btc_mxn,1148360.0,1149920.0,0.136
2024-07-18 13:00:32+00:00,btc_mxn,1148360.0,1149920.0,0.136
2024-07-18 13:00:33+00:00,btc_mxn,1148360.0,1149920.0,0.136
2024-07-18 13:00:34+00:00,btc_mxn,1148360.0,1149920.0,0.136
2024-07-18 13:00:35+00:00,btc_mxn,1148360.0,1149920.0,0.136
2024-07-18 13:00:36+00:00,btc_mxn,1148360.0,1149920.0,0.136
2024-07-18 13:00:37+00:00,btc_mxn,1148360.0,1149920.0,0.136
2024-07-18 13:00:38+00:00,btc_mxn,1148360.0,1149920.0,0.136
2024-07-18 13:00:39+00:00,btc_mxn,1148360.0,1149920.0,0.136
2024-07-18 13:00:40+00:00,btc_mxn,1148360.0,1149920.0,0.136
2024-07-18 13:00:41+00:00,btc_mxn,1148360.0,1149920.0,0.136
2024-07-18 13:00:42+00:00,btc_mxn,1148360.0,1149920.0,0.136
2024-07-18 13:00:43+00:00,btc_mxn,1148360.0,1149920.0,0.136
2024-07-18 13:00:44+00:00,btc_mxn,1148360.0,1149920.0,0.136
2024-07-18 13:00:45+00:00,btc_mxn,1148360.0,1149920.0,0.136
2024-07-18 13:00:46+00:00,btc_mxn,1148360.0,1149920.0,0.136
2024-07-18 13:00:47+00:00,btc_mxn,1148360.0,1149920.0,0.136
2024-07-18 13:00:48+00:00,btc_mxn,1148360.0,1149920.0,0.136
