orderbook_timestamp,book,bid,ask,spread
2024-07-17 22:37:00+00:00,usd_mxn,17.68,17.69,0.057
2024-07-17 22:37:01+00:00,usd_mxn,17.68,17.69,0.057
2024-07-17 22:37:02+00:00,usd_mxn,17.68,17.69,0.057
2024-07-17 22:37:03+00:00,usd_mxn,17.68,17.69,0.057
2024-07-17 22:37:04+00:00,usd_mxn,17.68,17.69,0.057
2024-07-17 22:37:05+00:00,usd_mxn,17.68,17.69,0.057
2024-07-17 22:37:06+00:00,usd_mxn,17.68,17.69,0.057
2024-07-17 22:37:07+00:00,usd_mxn,17.68,17.69,0.057
2024-07-17 22:37:08+00:00,usd_mxn,17.68,17.69,0.057
2024-07-17 22:37:09+00:00,usd_mxn,17.68,17.69,0.057
2024-07-17 22:37:10+00:00,usd_mxn,17.68,17.69,0.057
2024-07-17 22:37:11+00:00,usd_mxn,17.68,17.69,0.057
2024-07-17 22:37:12+00:00,usd_mxn,17.68,17.69,0.057
2024-07-17 22:37:14+00:00,usd_mxn,17.68,17.69,0.057
2024-07-17 22:37:14+00:00,usd_mxn,17.68,17.69,0.057
2024-07-17 22:37:16+00:00,usd_mxn,17.68,17.69,0.057
2024-07-17 22:37:17+00:00,usd_mxn,17.68,17.69,0.057
2024-07-17 22:37:18+00:00,usd_mxn,17.68,17.69,0.057
2024-07-17 22:37:19+00:00,usd_mxn,17.68,17.69,0.057
2024-07-17 22:37:20+00:00,usd_mxn,17.68,17.69,0.057
2024-07-17 22:37:21+00:00,usd_mxn,17.68,17.69,0.057
2024-07-17 22:37:22+00:00,usd_mxn,17.68,17.69,0.057
2024-07-17 22:37:23+00:00,usd_mxn,17.68,17.69,0.057
2024-07-17 22:37:24+00:00,usd_mxn,17.68,17.69,0.057
2024-07-17 22:37:25+00:00,usd_mxn,17.68,17.69,0.057
2024-07-17 22:37:26+00:00,usd_mxn,17.68,17.69,0.057
2024-07-17 22:37:27+00:00,usd_mxn,17.68,17.69,0.057
2024-07-17 22:37:28+00:00,usd_mxn,17.68,17.69,0.057
2024-07-17 22:37:29+00:00,usd_mxn,17.68,17.69,0.057
2024-07-17 22:37:30+00:00,usd_mxn,17.68,17.69,0.057
2024-07-17 22:37:31+00:00,usd_mxn,17.68,17.69,0.057
2024-07-17 22:37:32+00:00,usd_mxn,17.68,17.69,0.057
2024-07-17 22:37:33+00:00,usd_mxn,17.68,17.69,0.057
2024-07-17 22:37:34+00:00,usd_mxn,17.68,17.69,0.057
2024-07-17 22:37:35+00:00,usd_mxn,17.68,17.69,0.057
2024-07-17 22:37:36+00:00,usd_mxn,17.68,17.69,0.057
2024-07-17 22:37:37+00:00,usd_mxn,17.68,17.69,0.057
2024-07-17 22:37:38+00:00,usd_mxn,17.68,17.69,0.057
2024-07-17 22:37:39+00:00,usd_mxn,17.68,17.69,0.057
2024-07-17 22:37:40+00:00,usd_mxn,17.68,17.69,0.057
2024-07-17 22:37:41+00:00,usd_mxn,17.68,17.69,0.057
2024-07-17 22:37:42+00:00,usd_mxn,17.68,17.69,0.057
2024-07-17 22:37:43+00:00,usd_mxn,17.68,17.69,0.057
2024-07-17 22:37:44+00:00,usd_mxn,17.68,17.69,0.057
2024-07-17 22:37:45+00:00,usd_mxn,17.68,17.69,0.057
2024-07-17 22:37:47+00:00,usd_mxn,17.68,17.69,0.057
2024-07-17 22:37:48+00:00,usd_mxn,17.68,17.69,0.057
2024-07-17 22:37:49+00:00,usd_mxn,17.68,17.69,0.057
2024-07-17 22:37:50+00:00,usd_mxn,17.68,17.69,0.057
2024-07-17 22:37:51+00:00,usd_mxn,17.68,17.69,0.057
2024-07-17 22:37:52+00:00,usd_mxn,17.68,17.69,0.057
2024-07-17 22:37:53+00:00,usd_mxn,17.68,17.69,0.057
2024-07-17 22:37:54+00:00,usd_mxn,17.68,17.69,0.057
2024-07-17 22:37:55+00:00,usd_mxn,17.68,17.69,0.057
2024-07-17 22:37:56+00:00,usd_mxn,17.68,17.69,0.057
2024-07-17 22:37:57+00:00,usd_mxn,17.68,17.69,0.057
2024-07-17 22:37:58+00:00,usd_mxn,17.68,17.69,0.057
2024-07-17 22:37:59+00:00,usd_mxn,17.68,17.69,0.057
2024-07-17 22:38:00+00:00,usd_mxn,17.68,17.69,0.057
2024-07-17 22:38:01+00:00,usd_mxn,17.68,17.69,0.057
2024-07-17 22:38:02+00:00,usd_mxn,17.68,17.69,0.057
2024-07-17 22:38:03+00:00,usd_mxn,17.68,17.69,0.057
2024-07-17 22:38:04+00:00,usd_mxn,17.68,17.69,0.057
2024-07-17 22:38:05+00:00,usd_mxn,17.68,17.69,0.057
2024-07-17 22:38:06+00:00,usd_mxn,17.68,17.69,0.057
2024-07-17 22:38:07+00:00,usd_mxn,17.68,17.69,0.057
2024-07-17 22:38:08+00:00,usd_mxn,17.68,17.69,0.057
2024-07-17 22:38:09+00:00,usd_mxn,17.68,17.69,0.057
2024-07-17 22:38:10+00:00,usd_mxn,17.68,17.69,0.057
2024-07-17 22:38:11+00:00,usd_mxn,17.68,17.69,0.057
2024-07-17 22:38:12+00:00,usd_mxn,17.68,17.69,0.057
2024-07-17 22:38:13+00:00,usd_mxn,17.68,17.69,0.057
2024-07-17 22:38:14+00:00,usd_mxn,17.68,17.69,0.057
2024-07-17 22:38:15+00:00,usd_mxn,17.68,17.69,0.057
2024-07-17 22:38:16+00:00,usd_mxn,17.68,17.69,0.057
2024-07-17 22:38:17+00:00,usd_mxn,17.68,17.69,0.057
2024-07-17 22:38:18+00:00,usd_mxn,17.68,17.69,0.057
2024-07-17 22:38:19+00:00,usd_mxn,17.68,17.69,0.057
2024-07-17 22:38:20+00:00,usd_mxn,17.68,17.69,0.057
2024-07-17 22:38:21+00:00,usd_mxn,17.68,17.69,0.057
2024-07-17 22:38:22+00:00,usd_mxn,17.68,17.69,0.057
2024-07-17 22:38:23+00:00,usd_mxn,17.68,17.69,0.057
2024-07-17 22:38:24+00:00,usd_mxn,17.68,17.69,0.057
2024-07-17 22:38:25+00:00,usd_mxn,17.68,17.69,0.057
2024-07-17 22:38:26+00:00,usd_mxn,17.68,17.69,0.057
2024-07-17 22:38:27+00:00,usd_mxn,17.68,17.69,0.057
2024-07-17 22:38:28+00:00,usd_mxn,17.68,17.69,0.057
2024-07-17 22:38:29+00:00,usd_mxn,17.68,17.69,0.057
2024-07-17 22:38:30+00:00,usd_mxn,17.68,17.69,0.057
2024-07-17 22:38:31+00:00,usd_mxn,17.68,17.69,0.057
2024-07-17 22:38:32+00:00,usd_mxn,17.68,17.69,0.057
2024-07-17 22:38:33+00:00,usd_mxn,17.68,17.69,0.057
2024-07-17 22:38:34+00:00,usd_mxn,17.68,17.69,0.057
2024-07-17 22:38:35+00:00,usd_mxn,17.68,17.69,0.057
2024-07-17 22:38:36+00:00,usd_mxn,17.68,17.69,0.057
2024-07-17 22:38:37+00:00,usd_mxn,17.68,17.69,0.057
2024-07-17 22:38:38+00:00,usd_mxn,17.68,17.69,0.057
2024-07-17 22:38:39+00:00,usd_mxn,17.68,17.69,0.057
2024-07-17 22:38:40+00:00,usd_mxn,17.68,17.69,0.057
2024-07-17 22:38:41+00:00,usd_mxn,17.68,17.69,0.057
2024-07-17 22:38:42+00:00,usd_mxn,17.68,17.69,0.057
2024-07-17 22:38:43+00:00,usd_mxn,17.68,17.69,0.057
2024-07-17 22:38:44+00:00,usd_mxn,17.68,17.69,0.057
2024-07-17 22:38:45+00:00,usd_mxn,17.68,17.69,0.057
2024-07-17 22:38:46+00:00,usd_mxn,17.68,17.69,0.057
2024-07-17 22:38:47+00:00,usd_mxn,17.68,17.69,0.057
2024-07-17 22:38:48+00:00,usd_mxn,17.68,17.69,0.057
2024-07-17 22:38:49+00:00,usd_mxn,17.68,17.69,0.057
2024-07-17 22:38:51+00:00,usd_mxn,17.68,17.69,0.057
2024-07-17 22:38:52+00:00,usd_mxn,17.68,17.69,0.057
2024-07-17 22:38:53+00:00,usd_mxn,17.68,17.69,0.057
2024-07-17 22:38:54+00:00,usd_mxn,17.68,17.69,0.057
2024-07-17 22:38:55+00:00,usd_mxn,17.68,17.69,0.057
2024-07-17 22:38:56+00:00,usd_mxn,17.68,17.69,0.057
2024-07-17 22:38:57+00:00,usd_mxn,17.68,17.69,0.057
2024-07-17 22:38:58+00:00,usd_mxn,17.68,17.69,0.057
2024-07-17 22:38:59+00:00,usd_mxn,17.68,17.69,0.057
2024-07-17 22:39:00+00:00,usd_mxn,17.68,17.69,0.057
2024-07-17 22:39:01+00:00,usd_mxn,17.68,17.69,0.057
2024-07-17 22:39:02+00:00,usd_mxn,17.68,17.69,0.057
2024-07-17 22:39:03+00:00,usd_mxn,17.68,17.69,0.057
2024-07-17 22:39:04+00:00,usd_mxn,17.68,17.69,0.057
2024-07-17 22:39:05+00:00,usd_mxn,17.68,17.69,0.057
2024-07-17 22:39:06+00:00,usd_mxn,17.68,17.69,0.057
2024-07-17 22:39:07+00:00,usd_mxn,17.68,17.69,0.057
2024-07-17 22:39:08+00:00,usd_mxn,17.68,17.69,0.057
2024-07-17 22:39:09+00:00,usd_mxn,17.68,17.69,0.057
2024-07-17 22:39:10+00:00,usd_mxn,17.68,17.69,0.057
2024-07-17 22:39:11+00:00,usd_mxn,17.68,17.69,0.057
2024-07-17 22:39:12+00:00,usd_mxn,17.68,17.69,0.057
2024-07-17 22:39:13+00:00,usd_mxn,17.68,17.69,0.057
2024-07-17 22:39:14+00:00,usd_mxn,17.68,17.69,0.057
2024-07-17 22:39:15+00:00,usd_mxn,17.68,17.69,0.057
2024-07-17 22:39:16+00:00,usd_mxn,17.68,17.69,0.057
2024-07-17 22:39:17+00:00,usd_mxn,17.68,17.69,0.057
2024-07-17 22:39:18+00:00,usd_mxn,17.68,17.69,0.057
2024-07-17 22:39:20+00:00,usd_mxn,17.68,17.69,0.057
2024-07-17 22:39:20+00:00,usd_mxn,17.68,17.69,0.057
2024-07-17 22:39:21+00:00,usd_mxn,17.68,17.69,0.057
2024-07-17 22:39:22+00:00,usd_mxn,17.68,17.69,0.057
2024-07-17 22:39:23+00:00,usd_mxn,17.68,17.69,0.057
2024-07-17 22:39:24+00:00,usd_mxn,17.68,17.69,0.057
2024-07-17 22:39:25+00:00,usd_mxn,17.68,17.69,0.057
2024-07-17 22:39:26+00:00,usd_mxn,17.68,17.69,0.057
2024-07-17 22:39:27+00:00,usd_mxn,17.68,17.69,0.057
2024-07-17 22:39:28+00:00,usd_mxn,17.68,17.69,0.057
2024-07-17 22:39:29+00:00,usd_mxn,17.68,17.69,0.057
2024-07-17 22:39:30+00:00,usd_mxn,17.68,17.69,0.057
2024-07-17 22:39:31+00:00,usd_mxn,17.68,17.69,0.057
2024-07-17 22:39:32+00:00,usd_mxn,17.68,17.69,0.057
2024-07-17 22:39:33+00:00,usd_mxn,17.68,17.69,0.057
2024-07-17 22:39:34+00:00,usd_mxn,17.68,17.69,0.057
2024-07-17 22:39:35+00:00,usd_mxn,17.68,17.69,0.057
2024-07-17 22:39:36+00:00,usd_mxn,17.68,17.69,0.057
2024-07-17 22:39:37+00:00,usd_mxn,17.68,17.69,0.057
2024-07-17 22:39:38+00:00,usd_mxn,17.68,17.69,0.057
2024-07-17 22:39:39+00:00,usd_mxn,17.68,17.69,0.057
2024-07-17 22:39:40+00:00,usd_mxn,17.68,17.69,0.057
2024-07-17 22:39:41+00:00,usd_mxn,17.68,17.69,0.057
2024-07-17 22:39:42+00:00,usd_mxn,17.68,17.69,0.057
2024-07-17 22:39:43+00:00,usd_mxn,17.68,17.69,0.057
2024-07-17 22:39:44+00:00,usd_mxn,17.68,17.69,0.057
2024-07-17 22:39:45+00:00,usd_mxn,17.68,17.69,0.057
2024-07-17 22:39:46+00:00,usd_mxn,17.68,17.69,0.057
2024-07-17 22:39:47+00:00,usd_mxn,17.68,17.69,0.057
2024-07-17 22:39:49+00:00,usd_mxn,17.68,17.69,0.057
2024-07-17 22:39:50+00:00,usd_mxn,17.68,17.69,0.057
2024-07-17 22:39:50+00:00,usd_mxn,17.68,17.69,0.057
2024-07-17 22:39:52+00:00,usd_mxn,17.68,17.69,0.057
2024-07-17 22:39:53+00:00,usd_mxn,17.68,17.69,0.057
2024-07-17 22:39:54+00:00,usd_mxn,17.68,17.69,0.057
2024-07-17 22:39:55+00:00,usd_mxn,17.68,17.69,0.057
2024-07-17 22:39:56+00:00,usd_mxn,17.68,17.69,0.057
2024-07-17 22:39:57+00:00,usd_mxn,17.68,17.69,0.057
2024-07-17 22:39:58+00:00,usd_mxn,17.68,17.69,0.057
2024-07-17 22:39:59+00:00,usd_mxn,17.68,17.69,0.057
2024-07-17 22:40:00+00:00,usd_mxn,17.68,17.69,0.057
2024-07-17 22:40:01+00:00,usd_mxn,17.68,17.69,0.057
2024-07-17 22:40:02+00:00,usd_mxn,17.68,17.69,0.057
2024-07-17 22:40:03+00:00,usd_mxn,17.68,17.69,0.057
2024-07-17 22:40:04+00:00,usd_mxn,17.68,17.69,0.057
2024-07-17 22:40:05+00:00,usd_mxn,17.68,17.69,0.057
2024-07-17 22:40:06+00:00,usd_mxn,17.68,17.69,0.057
2024-07-17 22:40:07+00:00,usd_mxn,17.68,17.69,0.057
2024-07-17 22:40:08+00:00,usd_mxn,17.68,17.69,0.057
2024-07-17 22:40:10+00:00,usd_mxn,17.68,17.69,0.057
2024-07-17 22:40:11+00:00,usd_mxn,17.68,17.69,0.057
2024-07-17 22:40:12+00:00,usd_mxn,17.68,17.69,0.057
2024-07-17 22:40:13+00:00,usd_mxn,17.68,17.69,0.057
2024-07-17 22:40:14+00:00,usd_mxn,17.68,17.69,0.057
2024-07-17 22:40:15+00:00,usd_mxn,17.68,17.69,0.057
2024-07-17 22:40:16+00:00,usd_mxn,17.68,17.69,0.057
2024-07-17 22:40:18+00:00,usd_mxn,17.68,17.69,0.057
2024-07-17 22:40:19+00:00,usd_mxn,17.68,17.69,0.057
2024-07-17 22:40:20+00:00,usd_mxn,17.68,17.69,0.057
2024-07-17 22:40:21+00:00,usd_mxn,17.68,17.69,0.057
2024-07-17 22:40:22+00:00,usd_mxn,17.68,17.69,0.057
2024-07-17 22:40:23+00:00,usd_mxn,17.68,17.69,0.057
2024-07-17 22:40:24+00:00,usd_mxn,17.68,17.69,0.057
2024-07-17 22:40:25+00:00,usd_mxn,17.68,17.69,0.057
2024-07-17 22:40:26+00:00,usd_mxn,17.68,17.69,0.057
2024-07-17 22:40:27+00:00,usd_mxn,17.68,17.69,0.057
2024-07-17 22:40:28+00:00,usd_mxn,17.68,17.69,0.057
2024-07-17 22:40:29+00:00,usd_mxn,17.68,17.69,0.057
2024-07-17 22:40:30+00:00,usd_mxn,17.68,17.69,0.057
2024-07-17 22:40:31+00:00,usd_mxn,17.68,17.69,0.057
2024-07-17 22:40:32+00:00,usd_mxn,17.68,17.69,0.057
2024-07-17 22:40:33+00:00,usd_mxn,17.68,17.69,0.057
2024-07-17 22:40:34+00:00,usd_mxn,17.68,17.69,0.057
2024-07-17 22:40:35+00:00,usd_mxn,17.68,17.69,0.057
2024-07-17 22:40:36+00:00,usd_mxn,17.68,17.69,0.057
2024-07-17 22:40:37+00:00,usd_mxn,17.68,17.69,0.057
2024-07-17 22:40:38+00:00,usd_mxn,17.68,17.69,0.057
2024-07-17 22:40:39+00:00,usd_mxn,17.68,17.69,0.057
2024-07-17 22:40:40+00:00,usd_mxn,17.68,17.69,0.057
2024-07-17 22:40:41+00:00,usd_mxn,17.68,17.69,0.057
2024-07-17 22:40:42+00:00,usd_mxn,17.68,17.69,0.057
2024-07-17 22:40:43+00:00,usd_mxn,17.68,17.69,0.057
2024-07-17 22:40:44+00:00,usd_mxn,17.68,17.69,0.057
2024-07-17 22:40:45+00:00,usd_mxn,17.68,17.69,0.057
2024-07-17 22:40:46+00:00,usd_mxn,17.68,17.69,0.057
2024-07-17 22:40:47+00:00,usd_mxn,17.68,17.69,0.057
2024-07-17 22:40:48+00:00,usd_mxn,17.68,17.69,0.057
2024-07-17 22:40:49+00:00,usd_mxn,17.68,17.69,0.057
2024-07-17 22:40:50+00:00,usd_mxn,17.68,17.69,0.057
2024-07-17 22:40:51+00:00,usd_mxn,17.68,17.69,0.057
2024-07-17 22:40:52+00:00,usd_mxn,17.68,17.69,0.057
2024-07-17 22:40:53+00:00,usd_mxn,17.68,17.69,0.057
2024-07-17 22:40:54+00:00,usd_mxn,17.68,17.69,0.057
2024-07-17 22:40:55+00:00,usd_mxn,17.68,17.69,0.057
2024-07-17 22:40:56+00:00,usd_mxn,17.68,17.69,0.057
2024-07-17 22:40:58+00:00,usd_mxn,17.68,17.69,0.057
2024-07-17 22:40:58+00:00,usd_mxn,17.68,17.69,0.057
2024-07-17 22:40:59+00:00,usd_mxn,17.68,17.69,0.057
2024-07-17 22:41:01+00:00,usd_mxn,17.68,17.69,0.057
2024-07-17 22:41:02+00:00,usd_mxn,17.68,17.69,0.057
2024-07-17 22:41:03+00:00,usd_mxn,17.68,17.69,0.057
2024-07-17 22:41:04+00:00,usd_mxn,17.68,17.69,0.057
2024-07-17 22:41:05+00:00,usd_mxn,17.68,17.69,0.057
2024-07-17 22:41:06+00:00,usd_mxn,17.68,17.69,0.057
2024-07-17 22:41:07+00:00,usd_mxn,17.68,17.69,0.057
2024-07-17 22:41:08+00:00,usd_mxn,17.68,17.69,0.057
2024-07-17 22:41:09+00:00,usd_mxn,17.68,17.69,0.057
2024-07-17 22:41:10+00:00,usd_mxn,17.68,17.69,0.057
2024-07-17 22:41:11+00:00,usd_mxn,17.68,17.69,0.057
2024-07-17 22:41:12+00:00,usd_mxn,17.68,17.69,0.057
2024-07-17 22:41:13+00:00,usd_mxn,17.68,17.69,0.057
2024-07-17 22:41:14+00:00,usd_mxn,17.68,17.69,0.057
2024-07-17 22:41:15+00:00,usd_mxn,17.68,17.69,0.057
2024-07-17 22:41:16+00:00,usd_mxn,17.68,17.69,0.057
2024-07-17 22:41:17+00:00,usd_mxn,17.68,17.69,0.057
2024-07-17 22:41:18+00:00,usd_mxn,17.68,17.69,0.057
2024-07-17 22:41:19+00:00,usd_mxn,17.68,17.69,0.057
2024-07-17 22:41:20+00:00,usd_mxn,17.68,17.69,0.057
2024-07-17 22:41:21+00:00,usd_mxn,17.68,17.69,0.057
2024-07-17 22:41:22+00:00,usd_mxn,17.68,17.69,0.057
2024-07-17 22:41:23+00:00,usd_mxn,17.68,17.69,0.057
2024-07-17 22:41:24+00:00,usd_mxn,17.68,17.69,0.057
2024-07-17 22:41:25+00:00,usd_mxn,17.68,17.69,0.057
2024-07-17 22:41:26+00:00,usd_mxn,17.68,17.69,0.057
2024-07-17 22:41:27+00:00,usd_mxn,17.68,17.69,0.057
2024-07-17 22:41:28+00:00,usd_mxn,17.68,17.69,0.057
2024-07-17 22:41:29+00:00,usd_mxn,17.68,17.69,0.057
2024-07-17 22:41:30+00:00,usd_mxn,17.68,17.69,0.057
2024-07-17 22:41:31+00:00,usd_mxn,17.68,17.69,0.057
2024-07-17 22:41:32+00:00,usd_mxn,17.68,17.69,0.057
2024-07-17 22:41:33+00:00,usd_mxn,17.68,17.69,0.057
2024-07-17 22:41:34+00:00,usd_mxn,17.68,17.69,0.057
2024-07-17 22:41:35+00:00,usd_mxn,17.68,17.69,0.057
2024-07-17 22:41:36+00:00,usd_mxn,17.68,17.69,0.057
2024-07-17 22:41:37+00:00,usd_mxn,17.68,17.69,0.057
2024-07-17 22:41:38+00:00,usd_mxn,17.68,17.69,0.057
2024-07-17 22:41:39+00:00,usd_mxn,17.68,17.69,0.057
2024-07-17 22:41:40+00:00,usd_mxn,17.68,17.69,0.057
2024-07-17 22:41:41+00:00,usd_mxn,17.68,17.69,0.057
2024-07-17 22:41:42+00:00,usd_mxn,17.68,17.69,0.057
2024-07-17 22:41:43+00:00,usd_mxn,17.68,17.69,0.057
2024-07-17 22:41:44+00:00,usd_mxn,17.68,17.69,0.057
2024-07-17 22:41:45+00:00,usd_mxn,17.68,17.69,0.057
2024-07-17 22:41:46+00:00,usd_mxn,17.68,17.69,0.057
2024-07-17 22:41:47+00:00,usd_mxn,17.68,17.69,0.057
2024-07-17 22:41:48+00:00,usd_mxn,17.68,17.69,0.057
2024-07-17 22:41:49+00:00,usd_mxn,17.68,17.69,0.057
2024-07-17 22:41:50+00:00,usd_mxn,17.68,17.69,0.057
2024-07-17 22:41:51+00:00,usd_mxn,17.68,17.69,0.057
2024-07-17 22:41:53+00:00,usd_mxn,17.68,17.69,0.057
2024-07-17 22:41:54+00:00,usd_mxn,17.68,17.69,0.057
2024-07-17 22:41:55+00:00,usd_mxn,17.68,17.69,0.057
2024-07-17 22:41:56+00:00,usd_mxn,17.68,17.69,0.057
2024-07-17 22:41:57+00:00,usd_mxn,17.68,17.69,0.057
2024-07-17 22:41:58+00:00,usd_mxn,17.68,17.69,0.057
2024-07-17 22:41:59+00:00,usd_mxn,17.68,17.69,0.057
2024-07-17 22:42:00+00:00,usd_mxn,17.68,17.69,0.057
2024-07-17 22:42:01+00:00,usd_mxn,17.68,17.69,0.057
2024-07-17 22:42:02+00:00,usd_mxn,17.68,17.69,0.057
2024-07-17 22:42:03+00:00,usd_mxn,17.68,17.69,0.057
2024-07-17 22:42:04+00:00,usd_mxn,17.68,17.69,0.057
2024-07-17 22:42:05+00:00,usd_mxn,17.68,17.69,0.057
2024-07-17 22:42:06+00:00,usd_mxn,17.68,17.69,0.057
2024-07-17 22:42:07+00:00,usd_mxn,17.68,17.69,0.057
2024-07-17 22:42:08+00:00,usd_mxn,17.68,17.69,0.057
2024-07-17 22:42:09+00:00,usd_mxn,17.68,17.69,0.057
2024-07-17 22:42:10+00:00,usd_mxn,17.68,17.69,0.057
2024-07-17 22:42:11+00:00,usd_mxn,17.68,17.69,0.057
2024-07-17 22:42:12+00:00,usd_mxn,17.68,17.69,0.057
2024-07-17 22:42:13+00:00,usd_mxn,17.68,17.69,0.057
2024-07-17 22:42:14+00:00,usd_mxn,17.68,17.69,0.057
2024-07-17 22:42:15+00:00,usd_mxn,17.68,17.69,0.057
2024-07-17 22:42:16+00:00,usd_mxn,17.68,17.69,0.057
2024-07-17 22:42:17+00:00,usd_mxn,17.68,17.69,0.057
2024-07-17 22:42:19+00:00,usd_mxn,17.68,17.69,0.057
2024-07-17 22:42:20+00:00,usd_mxn,17.68,17.69,0.057
2024-07-17 22:42:21+00:00,usd_mxn,17.68,17.69,0.057
2024-07-17 22:42:22+00:00,usd_mxn,17.68,17.69,0.057
2024-07-17 22:42:23+00:00,usd_mxn,17.68,17.69,0.057
2024-07-17 22:42:24+00:00,usd_mxn,17.68,17.69,0.057
2024-07-17 22:42:25+00:00,usd_mxn,17.68,17.69,0.057
2024-07-17 22:42:26+00:00,usd_mxn,17.68,17.69,0.057
2024-07-17 22:42:27+00:00,usd_mxn,17.68,17.69,0.057
2024-07-17 22:42:28+00:00,usd_mxn,17.68,17.69,0.057
2024-07-17 22:42:29+00:00,usd_mxn,17.68,17.69,0.057
2024-07-17 22:42:30+00:00,usd_mxn,17.68,17.69,0.057
2024-07-17 22:42:31+00:00,usd_mxn,17.68,17.69,0.057
2024-07-17 22:42:32+00:00,usd_mxn,17.68,17.69,0.057
2024-07-17 22:42:33+00:00,usd_mxn,17.68,17.69,0.057
2024-07-17 22:42:34+00:00,usd_mxn,17.68,17.69,0.057
2024-07-17 22:42:35+00:00,usd_mxn,17.68,17.69,0.057
2024-07-17 22:42:36+00:00,usd_mxn,17.68,17.69,0.057
2024-07-17 22:42:37+00:00,usd_mxn,17.68,17.69,0.057
2024-07-17 22:42:38+00:00,usd_mxn,17.68,17.69,0.057
2024-07-17 22:42:39+00:00,usd_mxn,17.68,17.69,0.057
2024-07-17 22:42:40+00:00,usd_mxn,17.68,17.69,0.057
2024-07-17 22:42:41+00:00,usd_mxn,17.68,17.69,0.057
2024-07-17 22:42:42+00:00,usd_mxn,17.68,17.69,0.057
2024-07-17 22:42:43+00:00,usd_mxn,17.68,17.69,0.057
2024-07-17 22:42:44+00:00,usd_mxn,17.68,17.69,0.057
2024-07-17 22:42:45+00:00,usd_mxn,17.68,17.69,0.057
2024-07-17 22:42:46+00:00,usd_mxn,17.68,17.69,0.057
2024-07-17 22:42:47+00:00,usd_mxn,17.68,17.69,0.057
2024-07-17 22:42:48+00:00,usd_mxn,17.68,17.69,0.057
2024-07-17 22:42:49+00:00,usd_mxn,17.68,17.69,0.057
2024-07-17 22:42:50+00:00,usd_mxn,17.68,17.69,0.057
2024-07-17 22:42:51+00:00,usd_mxn,17.68,17.69,0.057
2024-07-17 22:42:52+00:00,usd_mxn,17.68,17.69,0.057
2024-07-17 22:42:53+00:00,usd_mxn,17.68,17.69,0.057
2024-07-17 22:42:54+00:00,usd_mxn,17.68,17.69,0.057
2024-07-17 22:42:55+00:00,usd_mxn,17.68,17.69,0.057
2024-07-17 22:42:56+00:00,usd_mxn,17.68,17.69,0.057
2024-07-17 22:42:57+00:00,usd_mxn,17.68,17.69,0.057
2024-07-17 22:42:58+00:00,usd_mxn,17.68,17.69,0.057
2024-07-17 22:42:59+00:00,usd_mxn,17.68,17.69,0.057
2024-07-17 22:43:00+00:00,usd_mxn,17.68,17.69,0.057
2024-07-17 22:43:01+00:00,usd_mxn,17.68,17.69,0.057
2024-07-17 22:43:02+00:00,usd_mxn,17.68,17.69,0.057
2024-07-17 22:43:03+00:00,usd_mxn,17.68,17.69,0.057
2024-07-17 22:43:04+00:00,usd_mxn,17.68,17.69,0.057
2024-07-17 22:43:05+00:00,usd_mxn,17.68,17.69,0.057
2024-07-17 22:43:06+00:00,usd_mxn,17.68,17.69,0.057
2024-07-17 22:43:07+00:00,usd_mxn,17.68,17.69,0.057
2024-07-17 22:43:08+00:00,usd_mxn,17.68,17.69,0.057
2024-07-17 22:43:09+00:00,usd_mxn,17.68,17.69,0.057
2024-07-17 22:43:10+00:00,usd_mxn,17.68,17.69,0.057
2024-07-17 22:43:11+00:00,usd_mxn,17.68,17.69,0.057
2024-07-17 22:43:12+00:00,usd_mxn,17.68,17.69,0.057
2024-07-17 22:43:13+00:00,usd_mxn,17.68,17.69,0.057
2024-07-17 22:43:14+00:00,usd_mxn,17.68,17.69,0.057
2024-07-17 22:43:15+00:00,usd_mxn,17.68,17.69,0.057
2024-07-17 22:43:16+00:00,usd_mxn,17.68,17.69,0.057
2024-07-17 22:43:17+00:00,usd_mxn,17.68,17.69,0.057
2024-07-17 22:43:18+00:00,usd_mxn,17.68,17.69,0.057
2024-07-17 22:43:20+00:00,usd_mxn,17.68,17.69,0.057
2024-07-17 22:43:21+00:00,usd_mxn,17.68,17.69,0.057
2024-07-17 22:43:22+00:00,usd_mxn,17.68,17.69,0.057
2024-07-17 22:43:23+00:00,usd_mxn,17.68,17.69,0.057
2024-07-17 22:43:24+00:00,usd_mxn,17.68,17.69,0.057
2024-07-17 22:43:25+00:00,usd_mxn,17.68,17.69,0.057
2024-07-17 22:43:27+00:00,usd_mxn,17.68,17.69,0.057
2024-07-17 22:43:28+00:00,usd_mxn,17.68,17.69,0.057
2024-07-17 22:43:30+00:00,usd_mxn,17.68,17.69,0.057
2024-07-17 22:43:31+00:00,usd_mxn,17.68,17.69,0.057
2024-07-17 22:43:32+00:00,usd_mxn,17.68,17.69,0.057
2024-07-17 22:43:33+00:00,usd_mxn,17.68,17.69,0.057
2024-07-17 22:43:34+00:00,usd_mxn,17.68,17.69,0.057
2024-07-17 22:43:35+00:00,usd_mxn,17.68,17.69,0.057
2024-07-17 22:43:36+00:00,usd_mxn,17.68,17.69,0.057
2024-07-17 22:43:37+00:00,usd_mxn,17.68,17.69,0.057
2024-07-17 22:43:38+00:00,usd_mxn,17.68,17.69,0.057
2024-07-17 22:43:39+00:00,usd_mxn,17.68,17.69,0.057
2024-07-17 22:43:40+00:00,usd_mxn,17.68,17.69,0.057
2024-07-17 22:43:41+00:00,usd_mxn,17.68,17.69,0.057
2024-07-17 22:43:42+00:00,usd_mxn,17.68,17.69,0.057
2024-07-17 22:43:43+00:00,usd_mxn,17.68,17.69,0.057
2024-07-17 22:43:44+00:00,usd_mxn,17.68,17.69,0.057
2024-07-17 22:43:45+00:00,usd_mxn,17.68,17.69,0.057
2024-07-17 22:43:46+00:00,usd_mxn,17.68,17.69,0.057
2024-07-17 22:43:47+00:00,usd_mxn,17.68,17.69,0.057
2024-07-17 22:43:48+00:00,usd_mxn,17.68,17.69,0.057
2024-07-17 22:43:49+00:00,usd_mxn,17.68,17.69,0.057
2024-07-17 22:43:50+00:00,usd_mxn,17.68,17.69,0.057
2024-07-17 22:43:51+00:00,usd_mxn,17.68,17.69,0.057
2024-07-17 22:43:52+00:00,usd_mxn,17.68,17.69,0.057
2024-07-17 22:43:53+00:00,usd_mxn,17.68,17.69,0.057
2024-07-17 22:43:54+00:00,usd_mxn,17.68,17.69,0.057
2024-07-17 22:43:55+00:00,usd_mxn,17.68,17.69,0.057
2024-07-17 22:43:56+00:00,usd_mxn,17.68,17.69,0.057
2024-07-17 22:43:57+00:00,usd_mxn,17.68,17.69,0.057
2024-07-17 22:43:58+00:00,usd_mxn,17.68,17.69,0.057
2024-07-17 22:43:59+00:00,usd_mxn,17.68,17.69,0.057
2024-07-17 22:44:00+00:00,usd_mxn,17.68,17.69,0.057
2024-07-17 22:44:01+00:00,usd_mxn,17.68,17.69,0.057
2024-07-17 22:44:02+00:00,usd_mxn,17.68,17.69,0.057
2024-07-17 22:44:03+00:00,usd_mxn,17.68,17.69,0.057
2024-07-17 22:44:04+00:00,usd_mxn,17.68,17.69,0.057
2024-07-17 22:44:05+00:00,usd_mxn,17.68,17.69,0.057
2024-07-17 22:44:06+00:00,usd_mxn,17.68,17.69,0.057
2024-07-17 22:44:07+00:00,usd_mxn,17.68,17.69,0.057
2024-07-17 22:44:08+00:00,usd_mxn,17.68,17.69,0.057
2024-07-17 22:44:09+00:00,usd_mxn,17.68,17.69,0.057
2024-07-17 22:44:10+00:00,usd_mxn,17.68,17.69,0.057
2024-07-17 22:44:11+00:00,usd_mxn,17.68,17.69,0.057
2024-07-17 22:44:12+00:00,usd_mxn,17.68,17.69,0.057
2024-07-17 22:44:13+00:00,usd_mxn,17.68,17.69,0.057
2024-07-17 22:44:14+00:00,usd_mxn,17.68,17.69,0.057
2024-07-17 22:44:15+00:00,usd_mxn,17.68,17.69,0.057
2024-07-17 22:44:16+00:00,usd_mxn,17.68,17.69,0.057
2024-07-17 22:44:17+00:00,usd_mxn,17.68,17.69,0.057
2024-07-17 22:44:18+00:00,usd_mxn,17.68,17.69,0.057
2024-07-17 22:44:19+00:00,usd_mxn,17.68,17.69,0.057
2024-07-17 22:44:20+00:00,usd_mxn,17.68,17.69,0.057
2024-07-17 22:44:21+00:00,usd_mxn,17.68,17.69,0.057
2024-07-17 22:44:22+00:00,usd_mxn,17.68,17.69,0.057
2024-07-17 22:44:23+00:00,usd_mxn,17.68,17.69,0.057
2024-07-17 22:44:24+00:00,usd_mxn,17.68,17.69,0.057
2024-07-17 22:44:25+00:00,usd_mxn,17.68,17.69,0.057
2024-07-17 22:44:26+00:00,usd_mxn,17.68,17.69,0.057
2024-07-17 22:44:27+00:00,usd_mxn,17.68,17.69,0.057
2024-07-17 22:44:28+00:00,usd_mxn,17.68,17.69,0.057
2024-07-17 22:44:29+00:00,usd_mxn,17.68,17.69,0.057
2024-07-17 22:44:30+00:00,usd_mxn,17.68,17.69,0.057
2024-07-17 22:44:31+00:00,usd_mxn,17.68,17.69,0.057
2024-07-17 22:44:32+00:00,usd_mxn,17.68,17.69,0.057
2024-07-17 22:44:33+00:00,usd_mxn,17.68,17.69,0.057
2024-07-17 22:44:34+00:00,usd_mxn,17.68,17.69,0.057
2024-07-17 22:44:35+00:00,usd_mxn,17.68,17.69,0.057
2024-07-17 22:44:36+00:00,usd_mxn,17.68,17.69,0.057
2024-07-17 22:44:37+00:00,usd_mxn,17.68,17.69,0.057
2024-07-17 22:44:38+00:00,usd_mxn,17.68,17.69,0.057
2024-07-17 22:44:39+00:00,usd_mxn,17.68,17.69,0.057
2024-07-17 22:44:40+00:00,usd_mxn,17.68,17.69,0.057
2024-07-17 22:44:41+00:00,usd_mxn,17.68,17.69,0.057
2024-07-17 22:44:42+00:00,usd_mxn,17.68,17.69,0.057
2024-07-17 22:44:43+00:00,usd_mxn,17.68,17.69,0.057
2024-07-17 22:44:44+00:00,usd_mxn,17.68,17.69,0.057
2024-07-17 22:44:45+00:00,usd_mxn,17.68,17.69,0.057
2024-07-17 22:44:47+00:00,usd_mxn,17.68,17.69,0.057
2024-07-17 22:44:48+00:00,usd_mxn,17.68,17.69,0.057
2024-07-17 22:44:49+00:00,usd_mxn,17.68,17.69,0.057
2024-07-17 22:44:50+00:00,usd_mxn,17.68,17.69,0.057
2024-07-17 22:44:51+00:00,usd_mxn,17.68,17.69,0.057
2024-07-17 22:44:52+00:00,usd_mxn,17.68,17.69,0.057
2024-07-17 22:44:53+00:00,usd_mxn,17.68,17.69,0.057
2024-07-17 22:44:54+00:00,usd_mxn,17.68,17.69,0.057
2024-07-17 22:44:55+00:00,usd_mxn,17.68,17.69,0.057
2024-07-17 22:44:56+00:00,usd_mxn,17.68,17.69,0.057
2024-07-17 22:44:57+00:00,usd_mxn,17.68,17.69,0.057
2024-07-17 22:44:58+00:00,usd_mxn,17.68,17.69,0.057
2024-07-17 22:44:59+00:00,usd_mxn,17.68,17.69,0.057
2024-07-17 22:45:00+00:00,usd_mxn,17.68,17.69,0.057
2024-07-17 22:45:01+00:00,usd_mxn,17.68,17.69,0.057
2024-07-17 22:45:02+00:00,usd_mxn,17.68,17.69,0.057
2024-07-17 22:45:04+00:00,usd_mxn,17.68,17.69,0.057
2024-07-17 22:45:05+00:00,usd_mxn,17.68,17.69,0.057
2024-07-17 22:45:06+00:00,usd_mxn,17.68,17.69,0.057
2024-07-17 22:45:07+00:00,usd_mxn,17.68,17.69,0.057
2024-07-17 22:45:08+00:00,usd_mxn,17.68,17.69,0.057
2024-07-17 22:45:09+00:00,usd_mxn,17.68,17.69,0.057
2024-07-17 22:45:10+00:00,usd_mxn,17.68,17.69,0.057
2024-07-17 22:45:11+00:00,usd_mxn,17.68,17.69,0.057
2024-07-17 22:45:12+00:00,usd_mxn,17.68,17.69,0.057
2024-07-17 22:45:13+00:00,usd_mxn,17.68,17.69,0.057
2024-07-17 22:45:14+00:00,usd_mxn,17.68,17.69,0.057
2024-07-17 22:45:15+00:00,usd_mxn,17.68,17.69,0.057
2024-07-17 22:45:16+00:00,usd_mxn,17.68,17.69,0.057
2024-07-17 22:45:17+00:00,usd_mxn,17.68,17.69,0.057
2024-07-17 22:45:18+00:00,usd_mxn,17.68,17.69,0.057
2024-07-17 22:45:19+00:00,usd_mxn,17.68,17.69,0.057
2024-07-17 22:45:20+00:00,usd_mxn,17.68,17.69,0.057
2024-07-17 22:45:21+00:00,usd_mxn,17.68,17.69,0.057
2024-07-17 22:45:22+00:00,usd_mxn,17.68,17.69,0.057
2024-07-17 22:45:23+00:00,usd_mxn,17.68,17.69,0.057
2024-07-17 22:45:24+00:00,usd_mxn,17.68,17.69,0.057
2024-07-17 22:45:25+00:00,usd_mxn,17.68,17.69,0.057
2024-07-17 22:45:26+00:00,usd_mxn,17.68,17.69,0.057
2024-07-17 22:45:27+00:00,usd_mxn,17.68,17.69,0.057
2024-07-17 22:45:28+00:00,usd_mxn,17.68,17.69,0.057
2024-07-17 22:45:29+00:00,usd_mxn,17.68,17.69,0.057
2024-07-17 22:45:30+00:00,usd_mxn,17.68,17.69,0.057
2024-07-17 22:45:31+00:00,usd_mxn,17.68,17.69,0.057
2024-07-17 22:45:32+00:00,usd_mxn,17.68,17.69,0.057
2024-07-17 22:45:33+00:00,usd_mxn,17.68,17.69,0.057
2024-07-17 22:45:34+00:00,usd_mxn,17.68,17.69,0.057
2024-07-17 22:45:35+00:00,usd_mxn,17.68,17.69,0.057
2024-07-17 22:45:36+00:00,usd_mxn,17.68,17.69,0.057
2024-07-17 22:45:37+00:00,usd_mxn,17.68,17.69,0.057
2024-07-17 22:45:38+00:00,usd_mxn,17.68,17.69,0.057
2024-07-17 22:45:39+00:00,usd_mxn,17.68,17.69,0.057
2024-07-17 22:45:40+00:00,usd_mxn,17.68,17.69,0.057
2024-07-17 22:45:41+00:00,usd_mxn,17.68,17.69,0.057
2024-07-17 22:45:42+00:00,usd_mxn,17.68,17.69,0.057
2024-07-17 22:45:43+00:00,usd_mxn,17.68,17.69,0.057
2024-07-17 22:45:44+00:00,usd_mxn,17.68,17.69,0.057
2024-07-17 22:45:45+00:00,usd_mxn,17.68,17.69,0.057
2024-07-17 22:45:46+00:00,usd_mxn,17.68,17.69,0.057
2024-07-17 22:45:47+00:00,usd_mxn,17.68,17.69,0.057
2024-07-17 22:45:48+00:00,usd_mxn,17.68,17.69,0.057
2024-07-17 22:45:49+00:00,usd_mxn,17.68,17.69,0.057
2024-07-17 22:45:50+00:00,usd_mxn,17.68,17.69,0.057
2024-07-17 22:45:51+00:00,usd_mxn,17.68,17.69,0.057
2024-07-17 22:45:52+00:00,usd_mxn,17.68,17.69,0.057
2024-07-17 22:45:53+00:00,usd_mxn,17.68,17.69,0.057
2024-07-17 22:45:54+00:00,usd_mxn,17.68,17.69,0.057
2024-07-17 22:45:55+00:00,usd_mxn,17.68,17.69,0.057
2024-07-17 22:45:56+00:00,usd_mxn,17.68,17.69,0.057
2024-07-17 22:45:57+00:00,usd_mxn,17.68,17.69,0.057
2024-07-17 22:45:58+00:00,usd_mxn,17.68,17.69,0.057
2024-07-17 22:45:59+00:00,usd_mxn,17.68,17.69,0.057
2024-07-17 22:46:00+00:00,usd_mxn,17.68,17.69,0.057
2024-07-17 22:46:01+00:00,usd_mxn,17.68,17.69,0.057
2024-07-17 22:46:02+00:00,usd_mxn,17.68,17.69,0.057
2024-07-17 22:46:03+00:00,usd_mxn,17.68,17.69,0.057
2024-07-17 22:46:04+00:00,usd_mxn,17.68,17.69,0.057
2024-07-17 22:46:05+00:00,usd_mxn,17.68,17.69,0.057
2024-07-17 22:46:07+00:00,usd_mxn,17.68,17.69,0.057
2024-07-17 22:46:08+00:00,usd_mxn,17.68,17.69,0.057
2024-07-17 22:46:09+00:00,usd_mxn,17.68,17.69,0.057
2024-07-17 22:46:10+00:00,usd_mxn,17.68,17.69,0.057
2024-07-17 22:46:11+00:00,usd_mxn,17.68,17.69,0.057
2024-07-17 22:46:13+00:00,usd_mxn,17.68,17.69,0.057
2024-07-17 22:46:13+00:00,usd_mxn,17.68,17.69,0.057
2024-07-17 22:46:14+00:00,usd_mxn,17.68,17.69,0.057
2024-07-17 22:46:15+00:00,usd_mxn,17.68,17.69,0.057
2024-07-17 22:46:16+00:00,usd_mxn,17.68,17.69,0.057
2024-07-17 22:46:17+00:00,usd_mxn,17.68,17.69,0.057
2024-07-17 22:46:18+00:00,usd_mxn,17.68,17.69,0.057
2024-07-17 22:46:19+00:00,usd_mxn,17.68,17.69,0.057
2024-07-17 22:46:20+00:00,usd_mxn,17.68,17.69,0.057
2024-07-17 22:46:21+00:00,usd_mxn,17.68,17.69,0.057
2024-07-17 22:46:22+00:00,usd_mxn,17.68,17.69,0.057
2024-07-17 22:46:23+00:00,usd_mxn,17.68,17.69,0.057
2024-07-17 22:46:24+00:00,usd_mxn,17.68,17.69,0.057
2024-07-17 22:46:25+00:00,usd_mxn,17.68,17.69,0.057
2024-07-17 22:46:26+00:00,usd_mxn,17.68,17.69,0.057
2024-07-17 22:46:27+00:00,usd_mxn,17.68,17.69,0.057
2024-07-17 22:46:28+00:00,usd_mxn,17.68,17.69,0.057
2024-07-17 22:46:29+00:00,usd_mxn,17.68,17.69,0.057
2024-07-17 22:46:30+00:00,usd_mxn,17.68,17.69,0.057
2024-07-17 22:46:31+00:00,usd_mxn,17.68,17.69,0.057
2024-07-17 22:46:32+00:00,usd_mxn,17.68,17.69,0.057
2024-07-17 22:46:33+00:00,usd_mxn,17.68,17.69,0.057
2024-07-17 22:46:34+00:00,usd_mxn,17.68,17.69,0.057
2024-07-17 22:46:35+00:00,usd_mxn,17.68,17.69,0.057
2024-07-17 22:46:36+00:00,usd_mxn,17.68,17.69,0.057
2024-07-17 22:46:37+00:00,usd_mxn,17.68,17.69,0.057
2024-07-17 22:46:38+00:00,usd_mxn,17.68,17.69,0.057
2024-07-17 22:46:39+00:00,usd_mxn,17.68,17.69,0.057
2024-07-17 22:46:40+00:00,usd_mxn,17.68,17.69,0.057
2024-07-17 22:46:41+00:00,usd_mxn,17.68,17.69,0.057
2024-07-17 22:46:42+00:00,usd_mxn,17.68,17.69,0.057
2024-07-17 22:46:43+00:00,usd_mxn,17.68,17.69,0.057
2024-07-17 22:46:44+00:00,usd_mxn,17.68,17.69,0.057
2024-07-17 22:46:45+00:00,usd_mxn,17.68,17.69,0.057
2024-07-17 22:46:46+00:00,usd_mxn,17.68,17.69,0.057
2024-07-17 22:46:47+00:00,usd_mxn,17.68,17.69,0.057
2024-07-17 22:46:48+00:00,usd_mxn,17.68,17.69,0.057
2024-07-17 22:46:49+00:00,usd_mxn,17.68,17.69,0.057
2024-07-17 22:46:50+00:00,usd_mxn,17.68,17.69,0.057
2024-07-17 22:46:51+00:00,usd_mxn,17.68,17.69,0.057
2024-07-17 22:46:52+00:00,usd_mxn,17.68,17.69,0.057
2024-07-17 22:46:53+00:00,usd_mxn,17.68,17.69,0.057
2024-07-17 22:46:54+00:00,usd_mxn,17.68,17.69,0.057
2024-07-17 22:46:55+00:00,usd_mxn,17.68,17.69,0.057
2024-07-17 22:46:56+00:00,usd_mxn,17.68,17.69,0.057
2024-07-17 22:46:57+00:00,usd_mxn,17.68,17.69,0.057
2024-07-17 22:46:58+00:00,usd_mxn,17.68,17.69,0.057
2024-07-17 22:46:59+00:00,usd_mxn,17.68,17.69,0.057
2024-07-17 22:47:00+00:00,usd_mxn,17.68,17.69,0.057
2024-07-17 22:47:01+00:00,usd_mxn,17.68,17.69,0.057
2024-07-17 22:47:02+00:00,usd_mxn,17.68,17.69,0.057
2024-07-17 22:47:03+00:00,usd_mxn,17.68,17.69,0.057
2024-07-17 22:47:04+00:00,usd_mxn,17.68,17.69,0.057
2024-07-17 22:47:05+00:00,usd_mxn,17.68,17.69,0.057
2024-07-17 22:47:06+00:00,usd_mxn,17.68,17.69,0.057
2024-07-17 22:47:07+00:00,usd_mxn,17.68,17.69,0.057
2024-07-17 22:47:08+00:00,usd_mxn,17.68,17.69,0.057
2024-07-17 22:47:09+00:00,usd_mxn,17.68,17.69,0.057
2024-07-17 22:47:10+00:00,usd_mxn,17.68,17.69,0.057
2024-07-17 22:47:11+00:00,usd_mxn,17.68,17.69,0.057
2024-07-17 22:47:12+00:00,usd_mxn,17.68,17.69,0.057
2024-07-17 22:47:14+00:00,usd_mxn,17.68,17.69,0.057
2024-07-17 22:47:15+00:00,usd_mxn,17.68,17.69,0.057
