orderbook_timestamp,book,bid,ask,spread
2024-07-17 15:29:50+00:00,usd_mxn,17.71,17.72,0.056
2024-07-17 15:29:50+00:00,usd_mxn,17.71,17.72,0.056
2024-07-17 15:29:51+00:00,usd_mxn,17.71,17.72,0.056
2024-07-17 15:29:52+00:00,usd_mxn,17.71,17.72,0.056
2024-07-17 15:29:53+00:00,usd_mxn,17.71,17.72,0.056
2024-07-17 15:29:54+00:00,usd_mxn,17.71,17.72,0.056
2024-07-17 15:29:55+00:00,usd_mxn,17.71,17.72,0.056
2024-07-17 15:29:56+00:00,usd_mxn,17.71,17.72,0.056
2024-07-17 15:29:57+00:00,usd_mxn,17.71,17.72,0.056
2024-07-17 15:29:58+00:00,usd_mxn,17.71,17.72,0.056
2024-07-17 15:30:00+00:00,usd_mxn,17.71,17.72,0.056
2024-07-17 15:30:00+00:00,usd_mxn,17.71,17.72,0.056
2024-07-17 15:30:02+00:00,usd_mxn,17.71,17.72,0.056
2024-07-17 15:30:03+00:00,usd_mxn,17.71,17.72,0.056
2024-07-17 15:30:04+00:00,usd_mxn,17.71,17.72,0.056
2024-07-17 15:30:05+00:00,usd_mxn,17.71,17.72,0.056
2024-07-17 15:30:06+00:00,usd_mxn,17.71,17.72,0.056
2024-07-17 15:30:07+00:00,usd_mxn,17.71,17.73,0.113
2024-07-17 15:30:08+00:00,usd_mxn,17.71,17.72,0.056
2024-07-17 15:30:09+00:00,usd_mxn,17.71,17.72,0.056
2024-07-17 15:30:10+00:00,usd_mxn,17.71,17.72,0.056
2024-07-17 15:30:11+00:00,usd_mxn,17.71,17.72,0.056
2024-07-17 15:30:12+00:00,usd_mxn,17.71,17.72,0.056
2024-07-17 15:30:13+00:00,usd_mxn,17.71,17.72,0.056
2024-07-17 15:30:14+00:00,usd_mxn,17.71,17.72,0.056
2024-07-17 15:30:15+00:00,usd_mxn,17.71,17.72,0.056
2024-07-17 15:30:16+00:00,usd_mxn,17.71,17.72,0.056
2024-07-17 15:30:17+00:00,usd_mxn,17.71,17.72,0.056
2024-07-17 15:30:18+00:00,usd_mxn,17.71,17.72,0.056
2024-07-17 15:30:19+00:00,usd_mxn,17.71,17.72,0.056
2024-07-17 15:30:20+00:00,usd_mxn,17.71,17.72,0.056
2024-07-17 15:30:22+00:00,usd_mxn,17.71,17.72,0.056
2024-07-17 15:30:23+00:00,usd_mxn,17.71,17.72,0.056
2024-07-17 15:30:24+00:00,usd_mxn,17.71,17.72,0.056
2024-07-17 15:30:25+00:00,usd_mxn,17.71,17.72,0.056
2024-07-17 15:30:26+00:00,usd_mxn,17.71,17.72,0.056
2024-07-17 15:30:27+00:00,usd_mxn,17.71,17.72,0.056
2024-07-17 15:30:28+00:00,usd_mxn,17.71,17.72,0.056
2024-07-17 15:30:29+00:00,usd_mxn,17.71,17.72,0.056
2024-07-17 15:30:30+00:00,usd_mxn,17.71,17.72,0.056
2024-07-17 15:30:31+00:00,usd_mxn,17.71,17.72,0.056
2024-07-17 15:30:32+00:00,usd_mxn,17.71,17.72,0.056
2024-07-17 15:30:33+00:00,usd_mxn,17.71,17.72,0.056
2024-07-17 15:30:34+00:00,usd_mxn,17.71,17.72,0.056
2024-07-17 15:30:35+00:00,usd_mxn,17.71,17.72,0.056
2024-07-17 15:30:36+00:00,usd_mxn,17.71,17.72,0.056
2024-07-17 15:30:38+00:00,usd_mxn,17.71,17.72,0.056
2024-07-17 15:30:38+00:00,usd_mxn,17.71,17.72,0.056
2024-07-17 15:30:39+00:00,usd_mxn,17.71,17.72,0.056
2024-07-17 15:30:40+00:00,usd_mxn,17.71,17.72,0.056
2024-07-17 15:30:42+00:00,usd_mxn,17.71,17.72,0.056
2024-07-17 15:30:43+00:00,usd_mxn,17.71,17.72,0.056
2024-07-17 15:30:44+00:00,usd_mxn,17.71,17.72,0.056
2024-07-17 15:30:45+00:00,usd_mxn,17.71,17.72,0.056
2024-07-17 15:30:46+00:00,usd_mxn,17.71,17.72,0.056
2024-07-17 15:30:47+00:00,usd_mxn,17.71,17.72,0.056
2024-07-17 15:30:48+00:00,usd_mxn,17.71,17.72,0.056
2024-07-17 15:30:49+00:00,usd_mxn,17.71,17.72,0.056
2024-07-17 15:30:50+00:00,usd_mxn,17.71,17.72,0.056
2024-07-17 15:30:51+00:00,usd_mxn,17.71,17.72,0.056
2024-07-17 15:30:52+00:00,usd_mxn,17.71,17.72,0.056
2024-07-17 15:30:53+00:00,usd_mxn,17.71,17.72,0.056
2024-07-17 15:30:54+00:00,usd_mxn,17.71,17.72,0.056
2024-07-17 15:30:55+00:00,usd_mxn,17.71,17.72,0.056
2024-07-17 15:30:56+00:00,usd_mxn,17.71,17.72,0.056
2024-07-17 15:30:57+00:00,usd_mxn,17.71,17.72,0.056
2024-07-17 15:30:58+00:00,usd_mxn,17.71,17.72,0.056
2024-07-17 15:31:00+00:00,usd_mxn,17.71,17.72,0.056
2024-07-17 15:31:00+00:00,usd_mxn,17.71,17.72,0.056
2024-07-17 15:31:02+00:00,usd_mxn,17.71,17.72,0.056
2024-07-17 15:31:03+00:00,usd_mxn,17.71,17.72,0.056
2024-07-17 15:31:04+00:00,usd_mxn,17.71,17.72,0.056
2024-07-17 15:31:05+00:00,usd_mxn,17.71,17.72,0.056
2024-07-17 15:31:06+00:00,usd_mxn,17.71,17.72,0.056
2024-07-17 15:31:07+00:00,usd_mxn,17.71,17.72,0.056
2024-07-17 15:31:08+00:00,usd_mxn,17.71,17.72,0.056
2024-07-17 15:31:09+00:00,usd_mxn,17.71,17.72,0.056
2024-07-17 15:31:10+00:00,usd_mxn,17.71,17.72,0.056
2024-07-17 15:31:11+00:00,usd_mxn,17.71,17.72,0.056
2024-07-17 15:31:12+00:00,usd_mxn,17.71,17.72,0.056
2024-07-17 15:31:13+00:00,usd_mxn,17.71,17.72,0.056
2024-07-17 15:31:14+00:00,usd_mxn,17.71,17.72,0.056
2024-07-17 15:31:15+00:00,usd_mxn,17.71,17.72,0.056
2024-07-17 15:31:16+00:00,usd_mxn,17.71,17.72,0.056
2024-07-17 15:31:17+00:00,usd_mxn,17.71,17.72,0.056
2024-07-17 15:31:18+00:00,usd_mxn,17.71,17.72,0.056
2024-07-17 15:31:19+00:00,usd_mxn,17.71,17.72,0.056
2024-07-17 15:31:20+00:00,usd_mxn,17.71,17.72,0.056
2024-07-17 15:31:21+00:00,usd_mxn,17.71,17.72,0.056
2024-07-17 15:31:22+00:00,usd_mxn,17.71,17.72,0.056
2024-07-17 15:31:23+00:00,usd_mxn,17.71,17.72,0.056
2024-07-17 15:31:24+00:00,usd_mxn,17.71,17.72,0.056
2024-07-17 15:31:25+00:00,usd_mxn,17.71,17.72,0.056
2024-07-17 15:31:26+00:00,usd_mxn,17.71,17.72,0.056
2024-07-17 15:31:27+00:00,usd_mxn,17.71,17.73,0.113
2024-07-17 15:31:28+00:00,usd_mxn,17.7,17.73,0.169
2024-07-17 15:31:29+00:00,usd_mxn,17.7,17.73,0.169
2024-07-17 15:31:30+00:00,usd_mxn,17.7,17.73,0.169
2024-07-17 15:31:31+00:00,usd_mxn,17.7,17.73,0.169
2024-07-17 15:31:32+00:00,usd_mxn,17.7,17.73,0.169
2024-07-17 15:31:33+00:00,usd_mxn,17.7,17.73,0.169
2024-07-17 15:31:34+00:00,usd_mxn,17.7,17.73,0.169
2024-07-17 15:31:35+00:00,usd_mxn,17.7,17.73,0.169
2024-07-17 15:31:36+00:00,usd_mxn,17.7,17.73,0.169
2024-07-17 15:31:37+00:00,usd_mxn,17.7,17.73,0.169
2024-07-17 15:31:38+00:00,usd_mxn,17.7,17.73,0.169
2024-07-17 15:31:39+00:00,usd_mxn,17.7,17.73,0.169
2024-07-17 15:31:40+00:00,usd_mxn,17.7,17.73,0.169
2024-07-17 15:31:41+00:00,usd_mxn,17.7,17.73,0.169
2024-07-17 15:31:42+00:00,usd_mxn,17.7,17.73,0.169
2024-07-17 15:31:43+00:00,usd_mxn,17.7,17.73,0.169
2024-07-17 15:31:44+00:00,usd_mxn,17.7,17.73,0.169
2024-07-17 15:31:45+00:00,usd_mxn,17.7,17.73,0.169
2024-07-17 15:31:46+00:00,usd_mxn,17.7,17.73,0.169
2024-07-17 15:31:47+00:00,usd_mxn,17.7,17.73,0.169
2024-07-17 15:31:48+00:00,usd_mxn,17.7,17.73,0.169
2024-07-17 15:31:49+00:00,usd_mxn,17.7,17.73,0.169
2024-07-17 15:31:50+00:00,usd_mxn,17.7,17.73,0.169
2024-07-17 15:31:51+00:00,usd_mxn,17.7,17.73,0.169
2024-07-17 15:31:52+00:00,usd_mxn,17.7,17.73,0.169
2024-07-17 15:31:53+00:00,usd_mxn,17.7,17.73,0.169
2024-07-17 15:31:54+00:00,usd_mxn,17.7,17.73,0.169
2024-07-17 15:31:55+00:00,usd_mxn,17.7,17.73,0.169
2024-07-17 15:31:56+00:00,usd_mxn,17.7,17.73,0.169
2024-07-17 15:31:57+00:00,usd_mxn,17.7,17.73,0.169
2024-07-17 15:31:58+00:00,usd_mxn,17.7,17.73,0.169
2024-07-17 15:31:59+00:00,usd_mxn,17.7,17.73,0.169
2024-07-17 15:32:00+00:00,usd_mxn,17.7,17.73,0.169
2024-07-17 15:32:01+00:00,usd_mxn,17.7,17.73,0.169
2024-07-17 15:32:02+00:00,usd_mxn,17.7,17.73,0.169
2024-07-17 15:32:03+00:00,usd_mxn,17.7,17.73,0.169
2024-07-17 15:32:04+00:00,usd_mxn,17.7,17.73,0.169
2024-07-17 15:32:05+00:00,usd_mxn,17.7,17.73,0.169
2024-07-17 15:32:06+00:00,usd_mxn,17.7,17.73,0.169
2024-07-17 15:32:07+00:00,usd_mxn,17.7,17.73,0.169
2024-07-17 15:32:08+00:00,usd_mxn,17.7,17.73,0.169
2024-07-17 15:32:09+00:00,usd_mxn,17.7,17.73,0.169
2024-07-17 15:32:10+00:00,usd_mxn,17.7,17.73,0.169
2024-07-17 15:32:11+00:00,usd_mxn,17.7,17.73,0.169
2024-07-17 15:32:12+00:00,usd_mxn,17.7,17.73,0.169
2024-07-17 15:32:14+00:00,usd_mxn,17.7,17.73,0.169
2024-07-17 15:32:15+00:00,usd_mxn,17.7,17.73,0.169
2024-07-17 15:32:16+00:00,usd_mxn,17.7,17.73,0.169
2024-07-17 15:32:17+00:00,usd_mxn,17.7,17.73,0.169
2024-07-17 15:32:18+00:00,usd_mxn,17.7,17.73,0.169
2024-07-17 15:32:19+00:00,usd_mxn,17.7,17.73,0.169
2024-07-17 15:32:20+00:00,usd_mxn,17.7,17.73,0.169
2024-07-17 15:32:21+00:00,usd_mxn,17.7,17.73,0.169
2024-07-17 15:32:22+00:00,usd_mxn,17.7,17.73,0.169
2024-07-17 15:32:23+00:00,usd_mxn,17.7,17.73,0.169
2024-07-17 15:32:24+00:00,usd_mxn,17.7,17.73,0.169
2024-07-17 15:32:25+00:00,usd_mxn,17.7,17.73,0.169
2024-07-17 15:32:26+00:00,usd_mxn,17.7,17.73,0.169
2024-07-17 15:32:27+00:00,usd_mxn,17.7,17.73,0.169
2024-07-17 15:32:28+00:00,usd_mxn,17.7,17.73,0.169
2024-07-17 15:32:29+00:00,usd_mxn,17.7,17.73,0.169
2024-07-17 15:32:30+00:00,usd_mxn,17.7,17.73,0.169
2024-07-17 15:32:31+00:00,usd_mxn,17.7,17.73,0.169
2024-07-17 15:32:32+00:00,usd_mxn,17.7,17.73,0.169
2024-07-17 15:32:33+00:00,usd_mxn,17.7,17.73,0.169
2024-07-17 15:32:34+00:00,usd_mxn,17.7,17.73,0.169
2024-07-17 15:32:35+00:00,usd_mxn,17.7,17.73,0.169
2024-07-17 15:32:36+00:00,usd_mxn,17.7,17.73,0.169
2024-07-17 15:32:37+00:00,usd_mxn,17.7,17.73,0.169
2024-07-17 15:32:38+00:00,usd_mxn,17.7,17.73,0.169
2024-07-17 15:32:39+00:00,usd_mxn,17.7,17.73,0.169
2024-07-17 15:32:40+00:00,usd_mxn,17.7,17.73,0.169
2024-07-17 15:32:41+00:00,usd_mxn,17.7,17.73,0.169
2024-07-17 15:32:42+00:00,usd_mxn,17.7,17.73,0.169
2024-07-17 15:32:43+00:00,usd_mxn,17.7,17.73,0.169
2024-07-17 15:32:44+00:00,usd_mxn,17.7,17.73,0.169
2024-07-17 15:32:45+00:00,usd_mxn,17.7,17.73,0.169
2024-07-17 15:32:46+00:00,usd_mxn,17.7,17.73,0.169
2024-07-17 15:32:47+00:00,usd_mxn,17.7,17.73,0.169
2024-07-17 15:32:48+00:00,usd_mxn,17.7,17.73,0.169
2024-07-17 15:32:49+00:00,usd_mxn,17.7,17.73,0.169
2024-07-17 15:32:50+00:00,usd_mxn,17.7,17.73,0.169
2024-07-17 15:32:51+00:00,usd_mxn,17.7,17.73,0.169
2024-07-17 15:32:52+00:00,usd_mxn,17.7,17.73,0.169
2024-07-17 15:32:53+00:00,usd_mxn,17.7,17.73,0.169
2024-07-17 15:32:54+00:00,usd_mxn,17.7,17.73,0.169
2024-07-17 15:32:55+00:00,usd_mxn,17.7,17.73,0.169
2024-07-17 15:32:56+00:00,usd_mxn,17.7,17.73,0.169
2024-07-17 15:32:57+00:00,usd_mxn,17.7,17.73,0.169
2024-07-17 15:32:58+00:00,usd_mxn,17.7,17.73,0.169
2024-07-17 15:32:59+00:00,usd_mxn,17.7,17.73,0.169
2024-07-17 15:33:00+00:00,usd_mxn,17.7,17.73,0.169
2024-07-17 15:33:01+00:00,usd_mxn,17.71,17.73,0.113
2024-07-17 15:33:02+00:00,usd_mxn,17.71,17.73,0.113
2024-07-17 15:33:03+00:00,usd_mxn,17.71,17.73,0.113
2024-07-17 15:33:04+00:00,usd_mxn,17.71,17.73,0.113
2024-07-17 15:33:05+00:00,usd_mxn,17.72,17.73,0.056
2024-07-17 15:33:06+00:00,usd_mxn,17.72,17.73,0.056
2024-07-17 15:33:07+00:00,usd_mxn,17.72,17.73,0.056
2024-07-17 15:33:08+00:00,usd_mxn,17.72,17.73,0.056
2024-07-17 15:33:09+00:00,usd_mxn,17.72,17.73,0.056
2024-07-17 15:33:10+00:00,usd_mxn,17.72,17.73,0.056
2024-07-17 15:33:11+00:00,usd_mxn,17.72,17.73,0.056
2024-07-17 15:33:12+00:00,usd_mxn,17.72,17.73,0.056
2024-07-17 15:33:13+00:00,usd_mxn,17.72,17.73,0.056
2024-07-17 15:33:14+00:00,usd_mxn,17.72,17.73,0.056
2024-07-17 15:33:15+00:00,usd_mxn,17.72,17.73,0.056
2024-07-17 15:33:16+00:00,usd_mxn,17.72,17.73,0.056
2024-07-17 15:33:17+00:00,usd_mxn,17.72,17.73,0.056
2024-07-17 15:33:18+00:00,usd_mxn,17.72,17.73,0.056
2024-07-17 15:33:19+00:00,usd_mxn,17.72,17.73,0.056
2024-07-17 15:33:20+00:00,usd_mxn,17.72,17.73,0.056
2024-07-17 15:33:21+00:00,usd_mxn,17.72,17.73,0.056
2024-07-17 15:33:22+00:00,usd_mxn,17.72,17.73,0.056
2024-07-17 15:33:23+00:00,usd_mxn,17.72,17.73,0.056
2024-07-17 15:33:24+00:00,usd_mxn,17.72,17.73,0.056
2024-07-17 15:33:25+00:00,usd_mxn,17.72,17.73,0.056
2024-07-17 15:33:26+00:00,usd_mxn,17.72,17.73,0.056
2024-07-17 15:33:27+00:00,usd_mxn,17.72,17.73,0.056
2024-07-17 15:33:28+00:00,usd_mxn,17.72,17.73,0.056
2024-07-17 15:33:29+00:00,usd_mxn,17.72,17.73,0.056
2024-07-17 15:33:31+00:00,usd_mxn,17.72,17.73,0.056
2024-07-17 15:33:32+00:00,usd_mxn,17.72,17.73,0.056
2024-07-17 15:33:32+00:00,usd_mxn,17.72,17.73,0.056
2024-07-17 15:33:34+00:00,usd_mxn,17.72,17.73,0.056
2024-07-17 15:33:35+00:00,usd_mxn,17.72,17.73,0.056
2024-07-17 15:33:36+00:00,usd_mxn,17.72,17.73,0.056
2024-07-17 15:33:37+00:00,usd_mxn,17.72,17.73,0.056
2024-07-17 15:33:38+00:00,usd_mxn,17.72,17.73,0.056
2024-07-17 15:33:39+00:00,usd_mxn,17.72,17.73,0.056
2024-07-17 15:33:40+00:00,usd_mxn,17.72,17.73,0.056
2024-07-17 15:33:41+00:00,usd_mxn,17.72,17.73,0.056
2024-07-17 15:33:42+00:00,usd_mxn,17.72,17.73,0.056
2024-07-17 15:33:43+00:00,usd_mxn,17.72,17.73,0.056
2024-07-17 15:33:44+00:00,usd_mxn,17.72,17.73,0.056
2024-07-17 15:33:45+00:00,usd_mxn,17.72,17.73,0.056
2024-07-17 15:33:46+00:00,usd_mxn,17.72,17.73,0.056
2024-07-17 15:33:47+00:00,usd_mxn,17.72,17.73,0.056
2024-07-17 15:33:49+00:00,usd_mxn,17.72,17.73,0.056
2024-07-17 15:33:50+00:00,usd_mxn,17.72,17.73,0.056
2024-07-17 15:33:51+00:00,usd_mxn,17.72,17.73,0.056
2024-07-17 15:33:52+00:00,usd_mxn,17.72,17.73,0.056
2024-07-17 15:33:54+00:00,usd_mxn,17.72,17.73,0.056
2024-07-17 15:33:55+00:00,usd_mxn,17.72,17.73,0.056
2024-07-17 15:33:56+00:00,usd_mxn,17.72,17.73,0.056
2024-07-17 15:33:57+00:00,usd_mxn,17.72,17.73,0.056
2024-07-17 15:33:58+00:00,usd_mxn,17.72,17.73,0.056
2024-07-17 15:33:59+00:00,usd_mxn,17.72,17.73,0.056
2024-07-17 15:34:00+00:00,usd_mxn,17.72,17.73,0.056
2024-07-17 15:34:01+00:00,usd_mxn,17.72,17.73,0.056
2024-07-17 15:34:02+00:00,usd_mxn,17.72,17.73,0.056
2024-07-17 15:34:03+00:00,usd_mxn,17.72,17.73,0.056
2024-07-17 15:34:04+00:00,usd_mxn,17.72,17.73,0.056
2024-07-17 15:34:05+00:00,usd_mxn,17.72,17.73,0.056
2024-07-17 15:34:06+00:00,usd_mxn,17.72,17.73,0.056
2024-07-17 15:34:07+00:00,usd_mxn,17.72,17.73,0.056
2024-07-17 15:34:08+00:00,usd_mxn,17.72,17.73,0.056
2024-07-17 15:34:09+00:00,usd_mxn,17.72,17.73,0.056
2024-07-17 15:34:10+00:00,usd_mxn,17.72,17.73,0.056
2024-07-17 15:34:11+00:00,usd_mxn,17.72,17.73,0.056
2024-07-17 15:34:12+00:00,usd_mxn,17.72,17.73,0.056
2024-07-17 15:34:13+00:00,usd_mxn,17.72,17.73,0.056
2024-07-17 15:34:14+00:00,usd_mxn,17.72,17.73,0.056
2024-07-17 15:34:15+00:00,usd_mxn,17.72,17.73,0.056
2024-07-17 15:34:16+00:00,usd_mxn,17.72,17.73,0.056
2024-07-17 15:34:17+00:00,usd_mxn,17.72,17.73,0.056
2024-07-17 15:34:18+00:00,usd_mxn,17.72,17.73,0.056
2024-07-17 15:34:19+00:00,usd_mxn,17.72,17.73,0.056
2024-07-17 15:34:20+00:00,usd_mxn,17.72,17.73,0.056
2024-07-17 15:34:21+00:00,usd_mxn,17.72,17.73,0.056
2024-07-17 15:34:22+00:00,usd_mxn,17.72,17.73,0.056
2024-07-17 15:34:23+00:00,usd_mxn,17.72,17.73,0.056
2024-07-17 15:34:24+00:00,usd_mxn,17.72,17.73,0.056
2024-07-17 15:34:25+00:00,usd_mxn,17.72,17.73,0.056
2024-07-17 15:34:26+00:00,usd_mxn,17.72,17.73,0.056
2024-07-17 15:34:27+00:00,usd_mxn,17.72,17.73,0.056
2024-07-17 15:34:28+00:00,usd_mxn,17.72,17.73,0.056
2024-07-17 15:34:29+00:00,usd_mxn,17.72,17.73,0.056
2024-07-17 15:34:30+00:00,usd_mxn,17.72,17.73,0.056
2024-07-17 15:34:31+00:00,usd_mxn,17.72,17.73,0.056
2024-07-17 15:34:32+00:00,usd_mxn,17.72,17.73,0.056
2024-07-17 15:34:33+00:00,usd_mxn,17.72,17.73,0.056
2024-07-17 15:34:34+00:00,usd_mxn,17.72,17.73,0.056
2024-07-17 15:34:35+00:00,usd_mxn,17.72,17.73,0.056
2024-07-17 15:34:36+00:00,usd_mxn,17.72,17.73,0.056
2024-07-17 15:34:38+00:00,usd_mxn,17.72,17.73,0.056
2024-07-17 15:34:39+00:00,usd_mxn,17.72,17.73,0.056
2024-07-17 15:34:40+00:00,usd_mxn,17.72,17.73,0.056
2024-07-17 15:34:41+00:00,usd_mxn,17.72,17.73,0.056
2024-07-17 15:34:42+00:00,usd_mxn,17.72,17.73,0.056
2024-07-17 15:34:43+00:00,usd_mxn,17.72,17.73,0.056
2024-07-17 15:34:44+00:00,usd_mxn,17.72,17.73,0.056
2024-07-17 15:34:45+00:00,usd_mxn,17.72,17.73,0.056
2024-07-17 15:34:46+00:00,usd_mxn,17.72,17.73,0.056
2024-07-17 15:34:47+00:00,usd_mxn,17.72,17.73,0.056
2024-07-17 15:34:48+00:00,usd_mxn,17.72,17.73,0.056
2024-07-17 15:34:49+00:00,usd_mxn,17.72,17.73,0.056
2024-07-17 15:34:50+00:00,usd_mxn,17.72,17.73,0.056
2024-07-17 15:34:51+00:00,usd_mxn,17.72,17.73,0.056
2024-07-17 15:34:52+00:00,usd_mxn,17.72,17.73,0.056
2024-07-17 15:34:53+00:00,usd_mxn,17.72,17.73,0.056
2024-07-17 15:34:54+00:00,usd_mxn,17.72,17.73,0.056
2024-07-17 15:34:55+00:00,usd_mxn,17.72,17.73,0.056
2024-07-17 15:34:56+00:00,usd_mxn,17.72,17.73,0.056
2024-07-17 15:34:57+00:00,usd_mxn,17.72,17.73,0.056
2024-07-17 15:34:58+00:00,usd_mxn,17.72,17.73,0.056
2024-07-17 15:34:59+00:00,usd_mxn,17.72,17.73,0.056
2024-07-17 15:35:00+00:00,usd_mxn,17.72,17.73,0.056
2024-07-17 15:35:01+00:00,usd_mxn,17.72,17.73,0.056
2024-07-17 15:35:02+00:00,usd_mxn,17.72,17.73,0.056
2024-07-17 15:35:03+00:00,usd_mxn,17.72,17.73,0.056
2024-07-17 15:35:04+00:00,usd_mxn,17.72,17.73,0.056
2024-07-17 15:35:05+00:00,usd_mxn,17.72,17.73,0.056
2024-07-17 15:35:06+00:00,usd_mxn,17.72,17.73,0.056
2024-07-17 15:35:07+00:00,usd_mxn,17.72,17.73,0.056
2024-07-17 15:35:08+00:00,usd_mxn,17.72,17.73,0.056
2024-07-17 15:35:09+00:00,usd_mxn,17.72,17.73,0.056
2024-07-17 15:35:10+00:00,usd_mxn,17.72,17.73,0.056
2024-07-17 15:35:11+00:00,usd_mxn,17.72,17.73,0.056
2024-07-17 15:35:12+00:00,usd_mxn,17.72,17.73,0.056
2024-07-17 15:35:13+00:00,usd_mxn,17.72,17.73,0.056
2024-07-17 15:35:14+00:00,usd_mxn,17.72,17.73,0.056
2024-07-17 15:35:15+00:00,usd_mxn,17.72,17.73,0.056
2024-07-17 15:35:16+00:00,usd_mxn,17.72,17.73,0.056
2024-07-17 15:35:17+00:00,usd_mxn,17.72,17.73,0.056
2024-07-17 15:35:18+00:00,usd_mxn,17.72,17.73,0.056
2024-07-17 15:35:19+00:00,usd_mxn,17.72,17.73,0.056
2024-07-17 15:35:20+00:00,usd_mxn,17.72,17.73,0.056
2024-07-17 15:35:21+00:00,usd_mxn,17.72,17.73,0.056
2024-07-17 15:35:22+00:00,usd_mxn,17.72,17.73,0.056
2024-07-17 15:35:23+00:00,usd_mxn,17.72,17.73,0.056
2024-07-17 15:35:24+00:00,usd_mxn,17.72,17.73,0.056
2024-07-17 15:35:25+00:00,usd_mxn,17.72,17.73,0.056
2024-07-17 15:35:26+00:00,usd_mxn,17.72,17.73,0.056
2024-07-17 15:35:28+00:00,usd_mxn,17.72,17.73,0.056
2024-07-17 15:35:29+00:00,usd_mxn,17.72,17.73,0.056
2024-07-17 15:35:30+00:00,usd_mxn,17.72,17.73,0.056
2024-07-17 15:35:31+00:00,usd_mxn,17.72,17.73,0.056
2024-07-17 15:35:32+00:00,usd_mxn,17.72,17.73,0.056
2024-07-17 15:35:33+00:00,usd_mxn,17.72,17.73,0.056
2024-07-17 15:35:34+00:00,usd_mxn,17.72,17.73,0.056
2024-07-17 15:35:35+00:00,usd_mxn,17.72,17.73,0.056
2024-07-17 15:35:36+00:00,usd_mxn,17.72,17.73,0.056
2024-07-17 15:35:37+00:00,usd_mxn,17.72,17.73,0.056
2024-07-17 15:35:38+00:00,usd_mxn,17.72,17.73,0.056
2024-07-17 15:35:39+00:00,usd_mxn,17.72,17.73,0.056
2024-07-17 15:35:40+00:00,usd_mxn,17.72,17.73,0.056
2024-07-17 15:35:41+00:00,usd_mxn,17.72,17.73,0.056
2024-07-17 15:35:42+00:00,usd_mxn,17.72,17.73,0.056
2024-07-17 15:35:43+00:00,usd_mxn,17.72,17.73,0.056
2024-07-17 15:35:44+00:00,usd_mxn,17.72,17.73,0.056
2024-07-17 15:35:45+00:00,usd_mxn,17.72,17.73,0.056
2024-07-17 15:35:47+00:00,usd_mxn,17.72,17.73,0.056
2024-07-17 15:35:48+00:00,usd_mxn,17.72,17.73,0.056
2024-07-17 15:35:49+00:00,usd_mxn,17.72,17.73,0.056
2024-07-17 15:35:50+00:00,usd_mxn,17.72,17.73,0.056
2024-07-17 15:35:51+00:00,usd_mxn,17.72,17.73,0.056
2024-07-17 15:35:52+00:00,usd_mxn,17.72,17.73,0.056
2024-07-17 15:35:53+00:00,usd_mxn,17.72,17.73,0.056
2024-07-17 15:35:54+00:00,usd_mxn,17.72,17.73,0.056
2024-07-17 15:35:55+00:00,usd_mxn,17.72,17.73,0.056
2024-07-17 15:35:56+00:00,usd_mxn,17.72,17.73,0.056
2024-07-17 15:35:57+00:00,usd_mxn,17.72,17.73,0.056
2024-07-17 15:35:58+00:00,usd_mxn,17.72,17.73,0.056
2024-07-17 15:35:59+00:00,usd_mxn,17.72,17.73,0.056
2024-07-17 15:36:00+00:00,usd_mxn,17.72,17.73,0.056
2024-07-17 15:36:01+00:00,usd_mxn,17.72,17.73,0.056
2024-07-17 15:36:02+00:00,usd_mxn,17.72,17.73,0.056
2024-07-17 15:36:04+00:00,usd_mxn,17.72,17.73,0.056
2024-07-17 15:36:04+00:00,usd_mxn,17.72,17.73,0.056
2024-07-17 15:36:05+00:00,usd_mxn,17.72,17.73,0.056
2024-07-17 15:36:06+00:00,usd_mxn,17.72,17.73,0.056
2024-07-17 15:36:07+00:00,usd_mxn,17.72,17.73,0.056
2024-07-17 15:36:08+00:00,usd_mxn,17.72,17.73,0.056
2024-07-17 15:36:09+00:00,usd_mxn,17.72,17.73,0.056
2024-07-17 15:36:11+00:00,usd_mxn,17.72,17.73,0.056
2024-07-17 15:36:12+00:00,usd_mxn,17.72,17.73,0.056
2024-07-17 15:36:13+00:00,usd_mxn,17.72,17.73,0.056
2024-07-17 15:36:14+00:00,usd_mxn,17.72,17.73,0.056
2024-07-17 15:36:15+00:00,usd_mxn,17.72,17.73,0.056
2024-07-17 15:36:16+00:00,usd_mxn,17.72,17.73,0.056
2024-07-17 15:36:17+00:00,usd_mxn,17.72,17.73,0.056
2024-07-17 15:36:18+00:00,usd_mxn,17.72,17.73,0.056
2024-07-17 15:36:19+00:00,usd_mxn,17.72,17.73,0.056
2024-07-17 15:36:20+00:00,usd_mxn,17.72,17.73,0.056
2024-07-17 15:36:21+00:00,usd_mxn,17.72,17.73,0.056
2024-07-17 15:36:22+00:00,usd_mxn,17.72,17.73,0.056
2024-07-17 15:36:23+00:00,usd_mxn,17.72,17.73,0.056
2024-07-17 15:36:24+00:00,usd_mxn,17.72,17.73,0.056
2024-07-17 15:36:25+00:00,usd_mxn,17.72,17.73,0.056
2024-07-17 15:36:26+00:00,usd_mxn,17.72,17.73,0.056
2024-07-17 15:36:27+00:00,usd_mxn,17.72,17.73,0.056
2024-07-17 15:36:28+00:00,usd_mxn,17.72,17.73,0.056
2024-07-17 15:36:29+00:00,usd_mxn,17.72,17.73,0.056
2024-07-17 15:36:30+00:00,usd_mxn,17.72,17.73,0.056
2024-07-17 15:36:31+00:00,usd_mxn,17.72,17.73,0.056
2024-07-17 15:36:32+00:00,usd_mxn,17.72,17.73,0.056
2024-07-17 15:36:33+00:00,usd_mxn,17.72,17.73,0.056
2024-07-17 15:36:34+00:00,usd_mxn,17.72,17.73,0.056
2024-07-17 15:36:35+00:00,usd_mxn,17.72,17.73,0.056
2024-07-17 15:36:36+00:00,usd_mxn,17.72,17.73,0.056
2024-07-17 15:36:37+00:00,usd_mxn,17.72,17.73,0.056
2024-07-17 15:36:38+00:00,usd_mxn,17.72,17.73,0.056
2024-07-17 15:36:39+00:00,usd_mxn,17.72,17.73,0.056
2024-07-17 15:36:40+00:00,usd_mxn,17.72,17.73,0.056
2024-07-17 15:36:41+00:00,usd_mxn,17.72,17.73,0.056
2024-07-17 15:36:42+00:00,usd_mxn,17.72,17.73,0.056
2024-07-17 15:36:43+00:00,usd_mxn,17.72,17.73,0.056
2024-07-17 15:36:44+00:00,usd_mxn,17.72,17.73,0.056
2024-07-17 15:36:45+00:00,usd_mxn,17.72,17.73,0.056
2024-07-17 15:36:46+00:00,usd_mxn,17.72,17.73,0.056
2024-07-17 15:36:47+00:00,usd_mxn,17.72,17.73,0.056
2024-07-17 15:36:48+00:00,usd_mxn,17.72,17.73,0.056
2024-07-17 15:36:49+00:00,usd_mxn,17.72,17.73,0.056
2024-07-17 15:36:50+00:00,usd_mxn,17.72,17.73,0.056
2024-07-17 15:36:52+00:00,usd_mxn,17.72,17.73,0.056
2024-07-17 15:36:53+00:00,usd_mxn,17.72,17.73,0.056
2024-07-17 15:36:54+00:00,usd_mxn,17.72,17.73,0.056
2024-07-17 15:36:55+00:00,usd_mxn,17.72,17.73,0.056
2024-07-17 15:36:56+00:00,usd_mxn,17.72,17.73,0.056
2024-07-17 15:36:57+00:00,usd_mxn,17.72,17.73,0.056
2024-07-17 15:36:58+00:00,usd_mxn,17.72,17.73,0.056
2024-07-17 15:36:59+00:00,usd_mxn,17.72,17.73,0.056
2024-07-17 15:37:00+00:00,usd_mxn,17.72,17.73,0.056
2024-07-17 15:37:01+00:00,usd_mxn,17.72,17.73,0.056
2024-07-17 15:37:02+00:00,usd_mxn,17.72,17.73,0.056
2024-07-17 15:37:03+00:00,usd_mxn,17.72,17.73,0.056
2024-07-17 15:37:04+00:00,usd_mxn,17.72,17.73,0.056
2024-07-17 15:37:05+00:00,usd_mxn,17.72,17.73,0.056
2024-07-17 15:37:06+00:00,usd_mxn,17.72,17.73,0.056
2024-07-17 15:37:07+00:00,usd_mxn,17.72,17.73,0.056
2024-07-17 15:37:08+00:00,usd_mxn,17.72,17.73,0.056
2024-07-17 15:37:09+00:00,usd_mxn,17.72,17.73,0.056
2024-07-17 15:37:10+00:00,usd_mxn,17.72,17.73,0.056
2024-07-17 15:37:11+00:00,usd_mxn,17.72,17.73,0.056
2024-07-17 15:37:12+00:00,usd_mxn,17.72,17.73,0.056
2024-07-17 15:37:13+00:00,usd_mxn,17.72,17.73,0.056
2024-07-17 15:37:14+00:00,usd_mxn,17.72,17.73,0.056
2024-07-17 15:37:15+00:00,usd_mxn,17.72,17.73,0.056
2024-07-17 15:37:16+00:00,usd_mxn,17.72,17.73,0.056
2024-07-17 15:37:17+00:00,usd_mxn,17.72,17.73,0.056
2024-07-17 15:37:18+00:00,usd_mxn,17.72,17.73,0.056
2024-07-17 15:37:19+00:00,usd_mxn,17.72,17.73,0.056
2024-07-17 15:37:20+00:00,usd_mxn,17.72,17.73,0.056
2024-07-17 15:37:21+00:00,usd_mxn,17.72,17.73,0.056
2024-07-17 15:37:22+00:00,usd_mxn,17.72,17.73,0.056
2024-07-17 15:37:23+00:00,usd_mxn,17.72,17.73,0.056
2024-07-17 15:37:24+00:00,usd_mxn,17.72,17.73,0.056
2024-07-17 15:37:25+00:00,usd_mxn,17.72,17.73,0.056
2024-07-17 15:37:26+00:00,usd_mxn,17.72,17.73,0.056
2024-07-17 15:37:27+00:00,usd_mxn,17.72,17.73,0.056
2024-07-17 15:37:28+00:00,usd_mxn,17.72,17.73,0.056
2024-07-17 15:37:29+00:00,usd_mxn,17.72,17.73,0.056
2024-07-17 15:37:31+00:00,usd_mxn,17.72,17.73,0.056
2024-07-17 15:37:31+00:00,usd_mxn,17.72,17.73,0.056
2024-07-17 15:37:32+00:00,usd_mxn,17.72,17.73,0.056
2024-07-17 15:37:33+00:00,usd_mxn,17.72,17.73,0.056
2024-07-17 15:37:34+00:00,usd_mxn,17.72,17.73,0.056
2024-07-17 15:37:35+00:00,usd_mxn,17.72,17.73,0.056
2024-07-17 15:37:36+00:00,usd_mxn,17.72,17.73,0.056
2024-07-17 15:37:37+00:00,usd_mxn,17.72,17.73,0.056
2024-07-17 15:37:38+00:00,usd_mxn,17.72,17.73,0.056
2024-07-17 15:37:39+00:00,usd_mxn,17.72,17.73,0.056
2024-07-17 15:37:40+00:00,usd_mxn,17.72,17.73,0.056
2024-07-17 15:37:41+00:00,usd_mxn,17.72,17.73,0.056
2024-07-17 15:37:42+00:00,usd_mxn,17.72,17.73,0.056
2024-07-17 15:37:43+00:00,usd_mxn,17.72,17.73,0.056
2024-07-17 15:37:44+00:00,usd_mxn,17.72,17.73,0.056
2024-07-17 15:37:45+00:00,usd_mxn,17.72,17.73,0.056
2024-07-17 15:37:46+00:00,usd_mxn,17.72,17.73,0.056
2024-07-17 15:37:47+00:00,usd_mxn,17.72,17.73,0.056
2024-07-17 15:37:48+00:00,usd_mxn,17.72,17.73,0.056
2024-07-17 15:37:49+00:00,usd_mxn,17.72,17.73,0.056
2024-07-17 15:37:50+00:00,usd_mxn,17.72,17.73,0.056
2024-07-17 15:37:51+00:00,usd_mxn,17.72,17.73,0.056
2024-07-17 15:37:52+00:00,usd_mxn,17.72,17.73,0.056
2024-07-17 15:37:53+00:00,usd_mxn,17.72,17.73,0.056
2024-07-17 15:37:54+00:00,usd_mxn,17.72,17.73,0.056
2024-07-17 15:37:55+00:00,usd_mxn,17.72,17.73,0.056
2024-07-17 15:37:56+00:00,usd_mxn,17.72,17.73,0.056
2024-07-17 15:37:57+00:00,usd_mxn,17.72,17.73,0.056
2024-07-17 15:37:58+00:00,usd_mxn,17.72,17.73,0.056
2024-07-17 15:38:00+00:00,usd_mxn,17.72,17.73,0.056
2024-07-17 15:38:01+00:00,usd_mxn,17.72,17.73,0.056
2024-07-17 15:38:02+00:00,usd_mxn,17.72,17.73,0.056
2024-07-17 15:38:03+00:00,usd_mxn,17.72,17.73,0.056
2024-07-17 15:38:04+00:00,usd_mxn,17.72,17.73,0.056
2024-07-17 15:38:05+00:00,usd_mxn,17.72,17.73,0.056
2024-07-17 15:38:06+00:00,usd_mxn,17.72,17.73,0.056
2024-07-17 15:38:07+00:00,usd_mxn,17.72,17.73,0.056
2024-07-17 15:38:08+00:00,usd_mxn,17.72,17.73,0.056
2024-07-17 15:38:09+00:00,usd_mxn,17.72,17.73,0.056
2024-07-17 15:38:10+00:00,usd_mxn,17.72,17.73,0.056
2024-07-17 15:38:11+00:00,usd_mxn,17.72,17.73,0.056
2024-07-17 15:38:12+00:00,usd_mxn,17.72,17.73,0.056
2024-07-17 15:38:13+00:00,usd_mxn,17.72,17.73,0.056
2024-07-17 15:38:14+00:00,usd_mxn,17.72,17.73,0.056
2024-07-17 15:38:15+00:00,usd_mxn,17.72,17.73,0.056
2024-07-17 15:38:16+00:00,usd_mxn,17.72,17.73,0.056
2024-07-17 15:38:17+00:00,usd_mxn,17.72,17.73,0.056
2024-07-17 15:38:18+00:00,usd_mxn,17.72,17.73,0.056
2024-07-17 15:38:19+00:00,usd_mxn,17.72,17.73,0.056
2024-07-17 15:38:20+00:00,usd_mxn,17.72,17.73,0.056
2024-07-17 15:38:21+00:00,usd_mxn,17.72,17.73,0.056
2024-07-17 15:38:22+00:00,usd_mxn,17.72,17.73,0.056
2024-07-17 15:38:23+00:00,usd_mxn,17.72,17.73,0.056
2024-07-17 15:38:24+00:00,usd_mxn,17.72,17.73,0.056
2024-07-17 15:38:25+00:00,usd_mxn,17.72,17.73,0.056
2024-07-17 15:38:26+00:00,usd_mxn,17.72,17.73,0.056
2024-07-17 15:38:27+00:00,usd_mxn,17.72,17.73,0.056
2024-07-17 15:38:28+00:00,usd_mxn,17.72,17.73,0.056
2024-07-17 15:38:29+00:00,usd_mxn,17.72,17.73,0.056
2024-07-17 15:38:30+00:00,usd_mxn,17.72,17.73,0.056
2024-07-17 15:38:31+00:00,usd_mxn,17.72,17.73,0.056
2024-07-17 15:38:32+00:00,usd_mxn,17.72,17.73,0.056
2024-07-17 15:38:33+00:00,usd_mxn,17.72,17.73,0.056
2024-07-17 15:38:34+00:00,usd_mxn,17.72,17.73,0.056
2024-07-17 15:38:35+00:00,usd_mxn,17.72,17.73,0.056
2024-07-17 15:38:36+00:00,usd_mxn,17.72,17.73,0.056
2024-07-17 15:38:37+00:00,usd_mxn,17.72,17.73,0.056
2024-07-17 15:38:38+00:00,usd_mxn,17.72,17.73,0.056
2024-07-17 15:38:39+00:00,usd_mxn,17.72,17.73,0.056
2024-07-17 15:38:40+00:00,usd_mxn,17.72,17.73,0.056
2024-07-17 15:38:41+00:00,usd_mxn,17.72,17.73,0.056
2024-07-17 15:38:42+00:00,usd_mxn,17.72,17.73,0.056
2024-07-17 15:38:43+00:00,usd_mxn,17.72,17.73,0.056
2024-07-17 15:38:44+00:00,usd_mxn,17.72,17.73,0.056
2024-07-17 15:38:45+00:00,usd_mxn,17.72,17.73,0.056
2024-07-17 15:38:46+00:00,usd_mxn,17.72,17.73,0.056
2024-07-17 15:38:47+00:00,usd_mxn,17.72,17.73,0.056
2024-07-17 15:38:48+00:00,usd_mxn,17.72,17.73,0.056
2024-07-17 15:38:49+00:00,usd_mxn,17.72,17.73,0.056
2024-07-17 15:38:50+00:00,usd_mxn,17.72,17.73,0.056
2024-07-17 15:38:51+00:00,usd_mxn,17.72,17.73,0.056
2024-07-17 15:38:52+00:00,usd_mxn,17.72,17.73,0.056
2024-07-17 15:38:53+00:00,usd_mxn,17.72,17.73,0.056
2024-07-17 15:38:54+00:00,usd_mxn,17.72,17.73,0.056
2024-07-17 15:38:55+00:00,usd_mxn,17.72,17.73,0.056
2024-07-17 15:38:56+00:00,usd_mxn,17.72,17.73,0.056
2024-07-17 15:38:57+00:00,usd_mxn,17.72,17.73,0.056
2024-07-17 15:38:58+00:00,usd_mxn,17.72,17.73,0.056
2024-07-17 15:38:59+00:00,usd_mxn,17.72,17.73,0.056
2024-07-17 15:39:00+00:00,usd_mxn,17.72,17.73,0.056
2024-07-17 15:39:01+00:00,usd_mxn,17.72,17.73,0.056
2024-07-17 15:39:02+00:00,usd_mxn,17.72,17.73,0.056
2024-07-17 15:39:04+00:00,usd_mxn,17.72,17.73,0.056
2024-07-17 15:39:05+00:00,usd_mxn,17.72,17.73,0.056
2024-07-17 15:39:07+00:00,usd_mxn,17.72,17.73,0.056
2024-07-17 15:39:08+00:00,usd_mxn,17.72,17.73,0.056
2024-07-17 15:39:09+00:00,usd_mxn,17.72,17.73,0.056
2024-07-17 15:39:10+00:00,usd_mxn,17.72,17.73,0.056
2024-07-17 15:39:10+00:00,usd_mxn,17.72,17.73,0.056
2024-07-17 15:39:11+00:00,usd_mxn,17.72,17.73,0.056
2024-07-17 15:39:12+00:00,usd_mxn,17.72,17.73,0.056
2024-07-17 15:39:13+00:00,usd_mxn,17.72,17.73,0.056
2024-07-17 15:39:14+00:00,usd_mxn,17.72,17.73,0.056
2024-07-17 15:39:15+00:00,usd_mxn,17.72,17.73,0.056
2024-07-17 15:39:16+00:00,usd_mxn,17.72,17.73,0.056
2024-07-17 15:39:17+00:00,usd_mxn,17.72,17.73,0.056
2024-07-17 15:39:18+00:00,usd_mxn,17.72,17.73,0.056
2024-07-17 15:39:19+00:00,usd_mxn,17.72,17.73,0.056
2024-07-17 15:39:20+00:00,usd_mxn,17.72,17.73,0.056
2024-07-17 15:39:21+00:00,usd_mxn,17.72,17.73,0.056
2024-07-17 15:39:22+00:00,usd_mxn,17.72,17.73,0.056
2024-07-17 15:39:23+00:00,usd_mxn,17.72,17.73,0.056
2024-07-17 15:39:24+00:00,usd_mxn,17.72,17.73,0.056
2024-07-17 15:39:25+00:00,usd_mxn,17.72,17.73,0.056
2024-07-17 15:39:26+00:00,usd_mxn,17.72,17.73,0.056
2024-07-17 15:39:27+00:00,usd_mxn,17.72,17.73,0.056
2024-07-17 15:39:28+00:00,usd_mxn,17.72,17.73,0.056
2024-07-17 15:39:29+00:00,usd_mxn,17.72,17.73,0.056
2024-07-17 15:39:30+00:00,usd_mxn,17.72,17.73,0.056
2024-07-17 15:39:31+00:00,usd_mxn,17.72,17.73,0.056
2024-07-17 15:39:32+00:00,usd_mxn,17.72,17.73,0.056
2024-07-17 15:39:33+00:00,usd_mxn,17.72,17.73,0.056
2024-07-17 15:39:34+00:00,usd_mxn,17.72,17.73,0.056
2024-07-17 15:39:35+00:00,usd_mxn,17.72,17.73,0.056
2024-07-17 15:39:36+00:00,usd_mxn,17.72,17.73,0.056
2024-07-17 15:39:37+00:00,usd_mxn,17.72,17.73,0.056
2024-07-17 15:39:38+00:00,usd_mxn,17.72,17.73,0.056
2024-07-17 15:39:39+00:00,usd_mxn,17.72,17.73,0.056
2024-07-17 15:39:40+00:00,usd_mxn,17.72,17.73,0.056
2024-07-17 15:39:41+00:00,usd_mxn,17.72,17.73,0.056
2024-07-17 15:39:42+00:00,usd_mxn,17.72,17.73,0.056
2024-07-17 15:39:43+00:00,usd_mxn,17.72,17.73,0.056
2024-07-17 15:39:44+00:00,usd_mxn,17.72,17.73,0.056
2024-07-17 15:39:45+00:00,usd_mxn,17.72,17.73,0.056
2024-07-17 15:39:46+00:00,usd_mxn,17.72,17.73,0.056
2024-07-17 15:39:47+00:00,usd_mxn,17.72,17.73,0.056
2024-07-17 15:39:48+00:00,usd_mxn,17.72,17.73,0.056
2024-07-17 15:39:49+00:00,usd_mxn,17.72,17.73,0.056
2024-07-17 15:39:51+00:00,usd_mxn,17.72,17.73,0.056
2024-07-17 15:39:52+00:00,usd_mxn,17.72,17.73,0.056
2024-07-17 15:39:53+00:00,usd_mxn,17.72,17.73,0.056
2024-07-17 15:39:54+00:00,usd_mxn,17.72,17.73,0.056
2024-07-17 15:39:55+00:00,usd_mxn,17.72,17.73,0.056
2024-07-17 15:39:56+00:00,usd_mxn,17.72,17.73,0.056
2024-07-17 15:39:57+00:00,usd_mxn,17.72,17.73,0.056
2024-07-17 15:39:58+00:00,usd_mxn,17.72,17.73,0.056
2024-07-17 15:39:59+00:00,usd_mxn,17.72,17.73,0.056
2024-07-17 15:40:00+00:00,usd_mxn,17.72,17.73,0.056
2024-07-17 15:40:01+00:00,usd_mxn,17.72,17.73,0.056
2024-07-17 15:40:02+00:00,usd_mxn,17.72,17.73,0.056
2024-07-17 15:40:03+00:00,usd_mxn,17.72,17.73,0.056
2024-07-17 15:40:04+00:00,usd_mxn,17.72,17.73,0.056
