orderbook_timestamp,book,bid,ask,spread
2024-07-17 22:57:33+00:00,usd_mxn,17.68,17.69,0.057
2024-07-17 22:57:34+00:00,usd_mxn,17.68,17.69,0.057
2024-07-17 22:57:35+00:00,usd_mxn,17.68,17.69,0.057
2024-07-17 22:57:36+00:00,usd_mxn,17.68,17.69,0.057
2024-07-17 22:57:37+00:00,usd_mxn,17.68,17.69,0.057
2024-07-17 22:57:38+00:00,usd_mxn,17.68,17.69,0.057
2024-07-17 22:57:39+00:00,usd_mxn,17.68,17.69,0.057
2024-07-17 22:57:40+00:00,usd_mxn,17.68,17.69,0.057
2024-07-17 22:57:41+00:00,usd_mxn,17.68,17.69,0.057
2024-07-17 22:57:42+00:00,usd_mxn,17.68,17.69,0.057
2024-07-17 22:57:43+00:00,usd_mxn,17.68,17.69,0.057
2024-07-17 22:57:44+00:00,usd_mxn,17.68,17.69,0.057
2024-07-17 22:57:45+00:00,usd_mxn,17.68,17.69,0.057
2024-07-17 22:57:46+00:00,usd_mxn,17.68,17.69,0.057
2024-07-17 22:57:47+00:00,usd_mxn,17.68,17.69,0.057
2024-07-17 22:57:48+00:00,usd_mxn,17.68,17.69,0.057
2024-07-17 22:57:49+00:00,usd_mxn,17.68,17.69,0.057
2024-07-17 22:57:50+00:00,usd_mxn,17.68,17.69,0.057
2024-07-17 22:57:51+00:00,usd_mxn,17.68,17.69,0.057
2024-07-17 22:57:52+00:00,usd_mxn,17.68,17.69,0.057
2024-07-17 22:57:53+00:00,usd_mxn,17.68,17.69,0.057
2024-07-17 22:57:54+00:00,usd_mxn,17.68,17.69,0.057
2024-07-17 22:57:55+00:00,usd_mxn,17.68,17.69,0.057
2024-07-17 22:57:56+00:00,usd_mxn,17.68,17.69,0.057
2024-07-17 22:57:57+00:00,usd_mxn,17.68,17.69,0.057
2024-07-17 22:57:58+00:00,usd_mxn,17.68,17.69,0.057
2024-07-17 22:57:59+00:00,usd_mxn,17.68,17.69,0.057
2024-07-17 22:58:00+00:00,usd_mxn,17.68,17.69,0.057
2024-07-17 22:58:01+00:00,usd_mxn,17.68,17.69,0.057
2024-07-17 22:58:02+00:00,usd_mxn,17.68,17.69,0.057
2024-07-17 22:58:03+00:00,usd_mxn,17.68,17.69,0.057
2024-07-17 22:58:05+00:00,usd_mxn,17.68,17.69,0.057
2024-07-17 22:58:06+00:00,usd_mxn,17.68,17.69,0.057
2024-07-17 22:58:07+00:00,usd_mxn,17.68,17.69,0.057
2024-07-17 22:58:08+00:00,usd_mxn,17.68,17.69,0.057
2024-07-17 22:58:09+00:00,usd_mxn,17.68,17.69,0.057
2024-07-17 22:58:10+00:00,usd_mxn,17.68,17.69,0.057
2024-07-17 22:58:11+00:00,usd_mxn,17.68,17.69,0.057
2024-07-17 22:58:12+00:00,usd_mxn,17.68,17.69,0.057
2024-07-17 22:58:13+00:00,usd_mxn,17.68,17.69,0.057
2024-07-17 22:58:14+00:00,usd_mxn,17.68,17.69,0.057
2024-07-17 22:58:15+00:00,usd_mxn,17.68,17.69,0.057
2024-07-17 22:58:16+00:00,usd_mxn,17.68,17.69,0.057
2024-07-17 22:58:17+00:00,usd_mxn,17.68,17.69,0.057
2024-07-17 22:58:18+00:00,usd_mxn,17.68,17.69,0.057
2024-07-17 22:58:19+00:00,usd_mxn,17.68,17.69,0.057
2024-07-17 22:58:20+00:00,usd_mxn,17.68,17.69,0.057
2024-07-17 22:58:21+00:00,usd_mxn,17.68,17.69,0.057
2024-07-17 22:58:22+00:00,usd_mxn,17.68,17.69,0.057
2024-07-17 22:58:23+00:00,usd_mxn,17.68,17.69,0.057
2024-07-17 22:58:24+00:00,usd_mxn,17.68,17.69,0.057
2024-07-17 22:58:25+00:00,usd_mxn,17.68,17.69,0.057
2024-07-17 22:58:26+00:00,usd_mxn,17.68,17.69,0.057
2024-07-17 22:58:27+00:00,usd_mxn,17.68,17.69,0.057
2024-07-17 22:58:28+00:00,usd_mxn,17.68,17.69,0.057
2024-07-17 22:58:29+00:00,usd_mxn,17.68,17.69,0.057
2024-07-17 22:58:30+00:00,usd_mxn,17.68,17.69,0.057
2024-07-17 22:58:31+00:00,usd_mxn,17.68,17.69,0.057
2024-07-17 22:58:32+00:00,usd_mxn,17.68,17.69,0.057
2024-07-17 22:58:33+00:00,usd_mxn,17.68,17.69,0.057
2024-07-17 22:58:34+00:00,usd_mxn,17.68,17.69,0.057
2024-07-17 22:58:35+00:00,usd_mxn,17.68,17.69,0.057
2024-07-17 22:58:36+00:00,usd_mxn,17.68,17.69,0.057
2024-07-17 22:58:37+00:00,usd_mxn,17.68,17.69,0.057
2024-07-17 22:58:38+00:00,usd_mxn,17.68,17.69,0.057
2024-07-17 22:58:39+00:00,usd_mxn,17.68,17.69,0.057
2024-07-17 22:58:40+00:00,usd_mxn,17.68,17.69,0.057
2024-07-17 22:58:41+00:00,usd_mxn,17.68,17.69,0.057
2024-07-17 22:58:42+00:00,usd_mxn,17.68,17.69,0.057
2024-07-17 22:58:43+00:00,usd_mxn,17.68,17.69,0.057
2024-07-17 22:58:44+00:00,usd_mxn,17.68,17.69,0.057
2024-07-17 22:58:45+00:00,usd_mxn,17.68,17.69,0.057
2024-07-17 22:58:46+00:00,usd_mxn,17.68,17.69,0.057
2024-07-17 22:58:47+00:00,usd_mxn,17.68,17.69,0.057
2024-07-17 22:58:48+00:00,usd_mxn,17.68,17.69,0.057
2024-07-17 22:58:49+00:00,usd_mxn,17.68,17.69,0.057
2024-07-17 22:58:50+00:00,usd_mxn,17.68,17.69,0.057
2024-07-17 22:58:51+00:00,usd_mxn,17.68,17.69,0.057
2024-07-17 22:58:52+00:00,usd_mxn,17.68,17.69,0.057
2024-07-17 22:58:53+00:00,usd_mxn,17.68,17.69,0.057
2024-07-17 22:58:54+00:00,usd_mxn,17.68,17.69,0.057
2024-07-17 22:58:55+00:00,usd_mxn,17.68,17.69,0.057
2024-07-17 22:58:56+00:00,usd_mxn,17.68,17.69,0.057
2024-07-17 22:58:57+00:00,usd_mxn,17.68,17.69,0.057
2024-07-17 22:58:58+00:00,usd_mxn,17.68,17.69,0.057
2024-07-17 22:58:59+00:00,usd_mxn,17.68,17.69,0.057
2024-07-17 22:59:00+00:00,usd_mxn,17.68,17.69,0.057
2024-07-17 22:59:01+00:00,usd_mxn,17.68,17.69,0.057
2024-07-17 22:59:02+00:00,usd_mxn,17.68,17.69,0.057
2024-07-17 22:59:03+00:00,usd_mxn,17.68,17.69,0.057
2024-07-17 22:59:04+00:00,usd_mxn,17.68,17.69,0.057
2024-07-17 22:59:05+00:00,usd_mxn,17.68,17.69,0.057
2024-07-17 22:59:06+00:00,usd_mxn,17.68,17.69,0.057
2024-07-17 22:59:07+00:00,usd_mxn,17.68,17.69,0.057
2024-07-17 22:59:08+00:00,usd_mxn,17.68,17.69,0.057
2024-07-17 22:59:09+00:00,usd_mxn,17.68,17.69,0.057
2024-07-17 22:59:10+00:00,usd_mxn,17.68,17.69,0.057
2024-07-17 22:59:11+00:00,usd_mxn,17.68,17.69,0.057
2024-07-17 22:59:12+00:00,usd_mxn,17.68,17.69,0.057
2024-07-17 22:59:13+00:00,usd_mxn,17.68,17.69,0.057
2024-07-17 22:59:14+00:00,usd_mxn,17.68,17.69,0.057
2024-07-17 22:59:15+00:00,usd_mxn,17.68,17.69,0.057
2024-07-17 22:59:17+00:00,usd_mxn,17.68,17.69,0.057
2024-07-17 22:59:17+00:00,usd_mxn,17.68,17.69,0.057
2024-07-17 22:59:19+00:00,usd_mxn,17.68,17.69,0.057
2024-07-17 22:59:20+00:00,usd_mxn,17.68,17.69,0.057
2024-07-17 22:59:21+00:00,usd_mxn,17.68,17.69,0.057
2024-07-17 22:59:22+00:00,usd_mxn,17.68,17.69,0.057
2024-07-17 22:59:23+00:00,usd_mxn,17.68,17.69,0.057
2024-07-17 22:59:24+00:00,usd_mxn,17.68,17.69,0.057
2024-07-17 22:59:25+00:00,usd_mxn,17.68,17.69,0.057
2024-07-17 22:59:26+00:00,usd_mxn,17.68,17.69,0.057
2024-07-17 22:59:27+00:00,usd_mxn,17.68,17.69,0.057
2024-07-17 22:59:28+00:00,usd_mxn,17.68,17.69,0.057
2024-07-17 22:59:29+00:00,usd_mxn,17.68,17.69,0.057
2024-07-17 22:59:30+00:00,usd_mxn,17.68,17.69,0.057
2024-07-17 22:59:31+00:00,usd_mxn,17.68,17.69,0.057
2024-07-17 22:59:32+00:00,usd_mxn,17.68,17.69,0.057
2024-07-17 22:59:33+00:00,usd_mxn,17.68,17.69,0.057
2024-07-17 22:59:34+00:00,usd_mxn,17.68,17.69,0.057
2024-07-17 22:59:35+00:00,usd_mxn,17.68,17.69,0.057
2024-07-17 22:59:36+00:00,usd_mxn,17.68,17.69,0.057
2024-07-17 22:59:37+00:00,usd_mxn,17.68,17.69,0.057
2024-07-17 22:59:38+00:00,usd_mxn,17.68,17.69,0.057
2024-07-17 22:59:39+00:00,usd_mxn,17.68,17.69,0.057
2024-07-17 22:59:40+00:00,usd_mxn,17.68,17.69,0.057
2024-07-17 22:59:41+00:00,usd_mxn,17.68,17.69,0.057
2024-07-17 22:59:42+00:00,usd_mxn,17.68,17.69,0.057
2024-07-17 22:59:43+00:00,usd_mxn,17.68,17.69,0.057
2024-07-17 22:59:44+00:00,usd_mxn,17.68,17.69,0.057
2024-07-17 22:59:45+00:00,usd_mxn,17.68,17.69,0.057
2024-07-17 22:59:46+00:00,usd_mxn,17.68,17.69,0.057
2024-07-17 22:59:47+00:00,usd_mxn,17.68,17.69,0.057
2024-07-17 22:59:48+00:00,usd_mxn,17.68,17.69,0.057
2024-07-17 22:59:49+00:00,usd_mxn,17.68,17.69,0.057
2024-07-17 22:59:50+00:00,usd_mxn,17.68,17.69,0.057
2024-07-17 22:59:51+00:00,usd_mxn,17.68,17.69,0.057
2024-07-17 22:59:52+00:00,usd_mxn,17.68,17.69,0.057
2024-07-17 22:59:53+00:00,usd_mxn,17.68,17.69,0.057
2024-07-17 22:59:54+00:00,usd_mxn,17.68,17.69,0.057
2024-07-17 22:59:55+00:00,usd_mxn,17.68,17.69,0.057
2024-07-17 22:59:56+00:00,usd_mxn,17.68,17.69,0.057
2024-07-17 22:59:57+00:00,usd_mxn,17.68,17.69,0.057
2024-07-17 22:59:58+00:00,usd_mxn,17.68,17.69,0.057
2024-07-17 22:59:59+00:00,usd_mxn,17.68,17.69,0.057
2024-07-17 23:00:00+00:00,usd_mxn,17.68,17.69,0.057
2024-07-17 23:00:01+00:00,usd_mxn,17.68,17.69,0.057
2024-07-17 23:00:02+00:00,usd_mxn,17.68,17.69,0.057
2024-07-17 23:00:03+00:00,usd_mxn,17.68,17.69,0.057
2024-07-17 23:00:04+00:00,usd_mxn,17.68,17.69,0.057
2024-07-17 23:00:05+00:00,usd_mxn,17.68,17.69,0.057
2024-07-17 23:00:06+00:00,usd_mxn,17.68,17.69,0.057
2024-07-17 23:00:07+00:00,usd_mxn,17.68,17.69,0.057
2024-07-17 23:00:08+00:00,usd_mxn,17.68,17.69,0.057
2024-07-17 23:00:09+00:00,usd_mxn,17.68,17.69,0.057
2024-07-17 23:00:10+00:00,usd_mxn,17.68,17.69,0.057
2024-07-17 23:00:11+00:00,usd_mxn,17.68,17.69,0.057
2024-07-17 23:00:12+00:00,usd_mxn,17.68,17.69,0.057
2024-07-17 23:00:13+00:00,usd_mxn,17.68,17.69,0.057
2024-07-17 23:00:14+00:00,usd_mxn,17.68,17.69,0.057
2024-07-17 23:00:15+00:00,usd_mxn,17.68,17.69,0.057
2024-07-17 23:00:16+00:00,usd_mxn,17.68,17.69,0.057
2024-07-17 23:00:17+00:00,usd_mxn,17.68,17.69,0.057
2024-07-17 23:00:18+00:00,usd_mxn,17.68,17.69,0.057
2024-07-17 23:00:19+00:00,usd_mxn,17.68,17.69,0.057
2024-07-17 23:00:20+00:00,usd_mxn,17.68,17.69,0.057
2024-07-17 23:00:21+00:00,usd_mxn,17.68,17.69,0.057
2024-07-17 23:00:22+00:00,usd_mxn,17.68,17.69,0.057
2024-07-17 23:00:24+00:00,usd_mxn,17.68,17.69,0.057
2024-07-17 23:00:25+00:00,usd_mxn,17.68,17.69,0.057
2024-07-17 23:00:27+00:00,usd_mxn,17.68,17.69,0.057
2024-07-17 23:00:28+00:00,usd_mxn,17.68,17.69,0.057
2024-07-17 23:00:29+00:00,usd_mxn,17.68,17.69,0.057
2024-07-17 23:00:30+00:00,usd_mxn,17.68,17.69,0.057
2024-07-17 23:00:31+00:00,usd_mxn,17.68,17.69,0.057
2024-07-17 23:00:32+00:00,usd_mxn,17.68,17.69,0.057
2024-07-17 23:00:33+00:00,usd_mxn,17.68,17.69,0.057
2024-07-17 23:00:34+00:00,usd_mxn,17.68,17.69,0.057
2024-07-17 23:00:35+00:00,usd_mxn,17.68,17.69,0.057
2024-07-17 23:00:36+00:00,usd_mxn,17.68,17.69,0.057
2024-07-17 23:00:37+00:00,usd_mxn,17.68,17.69,0.057
2024-07-17 23:00:38+00:00,usd_mxn,17.68,17.69,0.057
2024-07-17 23:00:39+00:00,usd_mxn,17.68,17.69,0.057
2024-07-17 23:00:40+00:00,usd_mxn,17.68,17.69,0.057
2024-07-17 23:00:41+00:00,usd_mxn,17.68,17.69,0.057
2024-07-17 23:00:42+00:00,usd_mxn,17.68,17.69,0.057
2024-07-17 23:00:43+00:00,usd_mxn,17.68,17.69,0.057
2024-07-17 23:00:44+00:00,usd_mxn,17.68,17.69,0.057
2024-07-17 23:00:45+00:00,usd_mxn,17.68,17.69,0.057
2024-07-17 23:00:46+00:00,usd_mxn,17.68,17.69,0.057
2024-07-17 23:00:47+00:00,usd_mxn,17.68,17.69,0.057
2024-07-17 23:00:48+00:00,usd_mxn,17.68,17.69,0.057
2024-07-17 23:00:49+00:00,usd_mxn,17.68,17.69,0.057
2024-07-17 23:00:50+00:00,usd_mxn,17.68,17.69,0.057
2024-07-17 23:00:51+00:00,usd_mxn,17.68,17.69,0.057
2024-07-17 23:00:52+00:00,usd_mxn,17.68,17.69,0.057
2024-07-17 23:00:53+00:00,usd_mxn,17.68,17.69,0.057
2024-07-17 23:00:54+00:00,usd_mxn,17.68,17.69,0.057
2024-07-17 23:00:55+00:00,usd_mxn,17.68,17.69,0.057
2024-07-17 23:00:56+00:00,usd_mxn,17.68,17.69,0.057
2024-07-17 23:00:57+00:00,usd_mxn,17.68,17.69,0.057
2024-07-17 23:00:58+00:00,usd_mxn,17.68,17.69,0.057
2024-07-17 23:00:59+00:00,usd_mxn,17.68,17.69,0.057
2024-07-17 23:01:00+00:00,usd_mxn,17.68,17.69,0.057
2024-07-17 23:01:01+00:00,usd_mxn,17.68,17.69,0.057
2024-07-17 23:01:02+00:00,usd_mxn,17.68,17.69,0.057
2024-07-17 23:01:03+00:00,usd_mxn,17.68,17.69,0.057
2024-07-17 23:01:04+00:00,usd_mxn,17.68,17.69,0.057
2024-07-17 23:01:05+00:00,usd_mxn,17.68,17.69,0.057
2024-07-17 23:01:06+00:00,usd_mxn,17.68,17.69,0.057
2024-07-17 23:01:07+00:00,usd_mxn,17.68,17.69,0.057
2024-07-17 23:01:08+00:00,usd_mxn,17.68,17.69,0.057
2024-07-17 23:01:09+00:00,usd_mxn,17.68,17.69,0.057
2024-07-17 23:01:10+00:00,usd_mxn,17.68,17.69,0.057
2024-07-17 23:01:11+00:00,usd_mxn,17.68,17.69,0.057
2024-07-17 23:01:12+00:00,usd_mxn,17.68,17.69,0.057
2024-07-17 23:01:13+00:00,usd_mxn,17.68,17.69,0.057
2024-07-17 23:01:14+00:00,usd_mxn,17.68,17.69,0.057
2024-07-17 23:01:15+00:00,usd_mxn,17.68,17.69,0.057
2024-07-17 23:01:16+00:00,usd_mxn,17.68,17.69,0.057
2024-07-17 23:01:17+00:00,usd_mxn,17.68,17.69,0.057
2024-07-17 23:01:18+00:00,usd_mxn,17.68,17.69,0.057
2024-07-17 23:01:19+00:00,usd_mxn,17.68,17.69,0.057
2024-07-17 23:01:20+00:00,usd_mxn,17.68,17.69,0.057
2024-07-17 23:01:21+00:00,usd_mxn,17.68,17.69,0.057
2024-07-17 23:01:22+00:00,usd_mxn,17.68,17.69,0.057
2024-07-17 23:01:23+00:00,usd_mxn,17.68,17.69,0.057
2024-07-17 23:01:24+00:00,usd_mxn,17.68,17.69,0.057
2024-07-17 23:01:25+00:00,usd_mxn,17.68,17.69,0.057
2024-07-17 23:01:26+00:00,usd_mxn,17.68,17.69,0.057
2024-07-17 23:01:27+00:00,usd_mxn,17.68,17.69,0.057
2024-07-17 23:01:28+00:00,usd_mxn,17.68,17.69,0.057
2024-07-17 23:01:29+00:00,usd_mxn,17.68,17.69,0.057
2024-07-17 23:01:30+00:00,usd_mxn,17.68,17.69,0.057
2024-07-17 23:01:31+00:00,usd_mxn,17.68,17.69,0.057
2024-07-17 23:01:32+00:00,usd_mxn,17.68,17.69,0.057
2024-07-17 23:01:34+00:00,usd_mxn,17.68,17.69,0.057
2024-07-17 23:01:34+00:00,usd_mxn,17.68,17.69,0.057
2024-07-17 23:01:36+00:00,usd_mxn,17.68,17.69,0.057
2024-07-17 23:01:37+00:00,usd_mxn,17.68,17.69,0.057
2024-07-17 23:01:38+00:00,usd_mxn,17.68,17.69,0.057
2024-07-17 23:01:39+00:00,usd_mxn,17.68,17.69,0.057
2024-07-17 23:01:40+00:00,usd_mxn,17.68,17.69,0.057
2024-07-17 23:01:41+00:00,usd_mxn,17.68,17.69,0.057
2024-07-17 23:01:42+00:00,usd_mxn,17.68,17.69,0.057
2024-07-17 23:01:43+00:00,usd_mxn,17.68,17.69,0.057
2024-07-17 23:01:44+00:00,usd_mxn,17.68,17.69,0.057
2024-07-17 23:01:45+00:00,usd_mxn,17.68,17.69,0.057
2024-07-17 23:01:46+00:00,usd_mxn,17.68,17.69,0.057
2024-07-17 23:01:47+00:00,usd_mxn,17.68,17.69,0.057
2024-07-17 23:01:48+00:00,usd_mxn,17.68,17.69,0.057
2024-07-17 23:01:49+00:00,usd_mxn,17.68,17.69,0.057
2024-07-17 23:01:50+00:00,usd_mxn,17.68,17.69,0.057
2024-07-17 23:01:51+00:00,usd_mxn,17.68,17.69,0.057
2024-07-17 23:01:52+00:00,usd_mxn,17.68,17.69,0.057
2024-07-17 23:01:53+00:00,usd_mxn,17.68,17.69,0.057
2024-07-17 23:01:54+00:00,usd_mxn,17.68,17.69,0.057
2024-07-17 23:01:55+00:00,usd_mxn,17.68,17.69,0.057
2024-07-17 23:01:56+00:00,usd_mxn,17.68,17.69,0.057
2024-07-17 23:01:57+00:00,usd_mxn,17.68,17.69,0.057
2024-07-17 23:01:58+00:00,usd_mxn,17.68,17.69,0.057
2024-07-17 23:01:59+00:00,usd_mxn,17.68,17.69,0.057
2024-07-17 23:02:00+00:00,usd_mxn,17.68,17.69,0.057
2024-07-17 23:02:01+00:00,usd_mxn,17.68,17.69,0.057
2024-07-17 23:02:02+00:00,usd_mxn,17.68,17.69,0.057
2024-07-17 23:02:03+00:00,usd_mxn,17.68,17.69,0.057
2024-07-17 23:02:04+00:00,usd_mxn,17.68,17.69,0.057
2024-07-17 23:02:05+00:00,usd_mxn,17.68,17.69,0.057
2024-07-17 23:02:06+00:00,usd_mxn,17.68,17.69,0.057
2024-07-17 23:02:07+00:00,usd_mxn,17.68,17.69,0.057
2024-07-17 23:02:08+00:00,usd_mxn,17.68,17.69,0.057
2024-07-17 23:02:09+00:00,usd_mxn,17.68,17.69,0.057
2024-07-17 23:02:10+00:00,usd_mxn,17.68,17.69,0.057
2024-07-17 23:02:11+00:00,usd_mxn,17.68,17.69,0.057
2024-07-17 23:02:12+00:00,usd_mxn,17.68,17.69,0.057
2024-07-17 23:02:13+00:00,usd_mxn,17.68,17.69,0.057
2024-07-17 23:02:14+00:00,usd_mxn,17.68,17.69,0.057
2024-07-17 23:02:15+00:00,usd_mxn,17.68,17.69,0.057
2024-07-17 23:02:16+00:00,usd_mxn,17.68,17.69,0.057
2024-07-17 23:02:17+00:00,usd_mxn,17.68,17.69,0.057
2024-07-17 23:02:18+00:00,usd_mxn,17.68,17.69,0.057
2024-07-17 23:02:19+00:00,usd_mxn,17.68,17.69,0.057
2024-07-17 23:02:20+00:00,usd_mxn,17.68,17.69,0.057
2024-07-17 23:02:21+00:00,usd_mxn,17.68,17.69,0.057
2024-07-17 23:02:22+00:00,usd_mxn,17.68,17.69,0.057
2024-07-17 23:02:23+00:00,usd_mxn,17.68,17.69,0.057
2024-07-17 23:02:24+00:00,usd_mxn,17.68,17.69,0.057
2024-07-17 23:02:25+00:00,usd_mxn,17.68,17.69,0.057
2024-07-17 23:02:26+00:00,usd_mxn,17.68,17.69,0.057
2024-07-17 23:02:27+00:00,usd_mxn,17.68,17.69,0.057
2024-07-17 23:02:29+00:00,usd_mxn,17.68,17.69,0.057
2024-07-17 23:02:29+00:00,usd_mxn,17.68,17.69,0.057
2024-07-17 23:02:30+00:00,usd_mxn,17.68,17.69,0.057
2024-07-17 23:02:31+00:00,usd_mxn,17.68,17.69,0.057
2024-07-17 23:02:33+00:00,usd_mxn,17.68,17.69,0.057
2024-07-17 23:02:34+00:00,usd_mxn,17.68,17.69,0.057
2024-07-17 23:02:35+00:00,usd_mxn,17.68,17.69,0.057
2024-07-17 23:02:36+00:00,usd_mxn,17.68,17.69,0.057
2024-07-17 23:02:37+00:00,usd_mxn,17.68,17.69,0.057
2024-07-17 23:02:38+00:00,usd_mxn,17.68,17.69,0.057
2024-07-17 23:02:39+00:00,usd_mxn,17.68,17.69,0.057
2024-07-17 23:02:40+00:00,usd_mxn,17.68,17.69,0.057
2024-07-17 23:02:41+00:00,usd_mxn,17.68,17.69,0.057
2024-07-17 23:02:42+00:00,usd_mxn,17.68,17.69,0.057
2024-07-17 23:02:44+00:00,usd_mxn,17.68,17.69,0.057
2024-07-17 23:02:45+00:00,usd_mxn,17.68,17.69,0.057
2024-07-17 23:02:45+00:00,usd_mxn,17.68,17.69,0.057
2024-07-17 23:02:46+00:00,usd_mxn,17.68,17.69,0.057
2024-07-17 23:02:47+00:00,usd_mxn,17.68,17.69,0.057
2024-07-17 23:02:48+00:00,usd_mxn,17.68,17.69,0.057
2024-07-17 23:02:49+00:00,usd_mxn,17.68,17.69,0.057
2024-07-17 23:02:50+00:00,usd_mxn,17.68,17.69,0.057
2024-07-17 23:02:51+00:00,usd_mxn,17.68,17.69,0.057
2024-07-17 23:02:52+00:00,usd_mxn,17.68,17.69,0.057
2024-07-17 23:02:53+00:00,usd_mxn,17.68,17.69,0.057
2024-07-17 23:02:54+00:00,usd_mxn,17.68,17.69,0.057
2024-07-17 23:02:55+00:00,usd_mxn,17.68,17.69,0.057
2024-07-17 23:02:56+00:00,usd_mxn,17.68,17.69,0.057
2024-07-17 23:02:57+00:00,usd_mxn,17.68,17.69,0.057
2024-07-17 23:02:58+00:00,usd_mxn,17.68,17.69,0.057
2024-07-17 23:02:59+00:00,usd_mxn,17.68,17.69,0.057
2024-07-17 23:03:00+00:00,usd_mxn,17.68,17.69,0.057
2024-07-17 23:03:01+00:00,usd_mxn,17.68,17.69,0.057
2024-07-17 23:03:02+00:00,usd_mxn,17.68,17.69,0.057
2024-07-17 23:03:03+00:00,usd_mxn,17.68,17.69,0.057
2024-07-17 23:03:04+00:00,usd_mxn,17.68,17.69,0.057
2024-07-17 23:03:05+00:00,usd_mxn,17.68,17.69,0.057
2024-07-17 23:03:06+00:00,usd_mxn,17.68,17.69,0.057
2024-07-17 23:03:07+00:00,usd_mxn,17.68,17.69,0.057
2024-07-17 23:03:08+00:00,usd_mxn,17.68,17.69,0.057
2024-07-17 23:03:09+00:00,usd_mxn,17.68,17.69,0.057
2024-07-17 23:03:10+00:00,usd_mxn,17.68,17.69,0.057
2024-07-17 23:03:11+00:00,usd_mxn,17.68,17.69,0.057
2024-07-17 23:03:12+00:00,usd_mxn,17.68,17.69,0.057
2024-07-17 23:03:13+00:00,usd_mxn,17.68,17.69,0.057
2024-07-17 23:03:14+00:00,usd_mxn,17.68,17.69,0.057
2024-07-17 23:03:15+00:00,usd_mxn,17.68,17.69,0.057
2024-07-17 23:03:16+00:00,usd_mxn,17.68,17.69,0.057
2024-07-17 23:03:17+00:00,usd_mxn,17.68,17.69,0.057
2024-07-17 23:03:19+00:00,usd_mxn,17.68,17.69,0.057
2024-07-17 23:03:20+00:00,usd_mxn,17.68,17.69,0.057
2024-07-17 23:03:21+00:00,usd_mxn,17.68,17.69,0.057
2024-07-17 23:03:22+00:00,usd_mxn,17.68,17.69,0.057
2024-07-17 23:03:23+00:00,usd_mxn,17.68,17.69,0.057
2024-07-17 23:03:24+00:00,usd_mxn,17.68,17.69,0.057
2024-07-17 23:03:25+00:00,usd_mxn,17.68,17.69,0.057
2024-07-17 23:03:26+00:00,usd_mxn,17.68,17.69,0.057
2024-07-17 23:03:27+00:00,usd_mxn,17.68,17.69,0.057
2024-07-17 23:03:28+00:00,usd_mxn,17.68,17.69,0.057
2024-07-17 23:03:29+00:00,usd_mxn,17.68,17.69,0.057
2024-07-17 23:03:30+00:00,usd_mxn,17.68,17.69,0.057
2024-07-17 23:03:31+00:00,usd_mxn,17.68,17.69,0.057
2024-07-17 23:03:32+00:00,usd_mxn,17.68,17.69,0.057
2024-07-17 23:03:33+00:00,usd_mxn,17.68,17.69,0.057
2024-07-17 23:03:34+00:00,usd_mxn,17.68,17.69,0.057
2024-07-17 23:03:35+00:00,usd_mxn,17.68,17.69,0.057
2024-07-17 23:03:36+00:00,usd_mxn,17.68,17.69,0.057
2024-07-17 23:03:37+00:00,usd_mxn,17.68,17.69,0.057
2024-07-17 23:03:38+00:00,usd_mxn,17.68,17.69,0.057
2024-07-17 23:03:39+00:00,usd_mxn,17.68,17.69,0.057
2024-07-17 23:03:40+00:00,usd_mxn,17.68,17.69,0.057
2024-07-17 23:03:41+00:00,usd_mxn,17.68,17.69,0.057
2024-07-17 23:03:42+00:00,usd_mxn,17.68,17.69,0.057
2024-07-17 23:03:43+00:00,usd_mxn,17.68,17.69,0.057
2024-07-17 23:03:44+00:00,usd_mxn,17.68,17.69,0.057
2024-07-17 23:03:45+00:00,usd_mxn,17.68,17.69,0.057
2024-07-17 23:03:46+00:00,usd_mxn,17.68,17.69,0.057
2024-07-17 23:03:47+00:00,usd_mxn,17.68,17.69,0.057
2024-07-17 23:03:48+00:00,usd_mxn,17.68,17.69,0.057
2024-07-17 23:03:49+00:00,usd_mxn,17.68,17.69,0.057
2024-07-17 23:03:50+00:00,usd_mxn,17.68,17.69,0.057
2024-07-17 23:03:51+00:00,usd_mxn,17.68,17.69,0.057
2024-07-17 23:03:52+00:00,usd_mxn,17.68,17.69,0.057
2024-07-17 23:03:53+00:00,usd_mxn,17.68,17.69,0.057
2024-07-17 23:03:54+00:00,usd_mxn,17.68,17.69,0.057
2024-07-17 23:03:55+00:00,usd_mxn,17.68,17.69,0.057
2024-07-17 23:03:56+00:00,usd_mxn,17.68,17.69,0.057
2024-07-17 23:03:57+00:00,usd_mxn,17.68,17.69,0.057
2024-07-17 23:03:58+00:00,usd_mxn,17.68,17.69,0.057
2024-07-17 23:03:59+00:00,usd_mxn,17.68,17.69,0.057
2024-07-17 23:04:00+00:00,usd_mxn,17.68,17.69,0.057
2024-07-17 23:04:01+00:00,usd_mxn,17.68,17.69,0.057
2024-07-17 23:04:02+00:00,usd_mxn,17.68,17.69,0.057
2024-07-17 23:04:03+00:00,usd_mxn,17.68,17.69,0.057
2024-07-17 23:04:04+00:00,usd_mxn,17.68,17.69,0.057
2024-07-17 23:04:05+00:00,usd_mxn,17.68,17.69,0.057
2024-07-17 23:04:06+00:00,usd_mxn,17.68,17.69,0.057
2024-07-17 23:04:07+00:00,usd_mxn,17.68,17.69,0.057
2024-07-17 23:04:08+00:00,usd_mxn,17.68,17.69,0.057
2024-07-17 23:04:09+00:00,usd_mxn,17.68,17.69,0.057
2024-07-17 23:04:10+00:00,usd_mxn,17.68,17.69,0.057
2024-07-17 23:04:11+00:00,usd_mxn,17.68,17.69,0.057
2024-07-17 23:04:12+00:00,usd_mxn,17.68,17.69,0.057
2024-07-17 23:04:13+00:00,usd_mxn,17.68,17.69,0.057
2024-07-17 23:04:14+00:00,usd_mxn,17.68,17.69,0.057
2024-07-17 23:04:15+00:00,usd_mxn,17.68,17.69,0.057
2024-07-17 23:04:16+00:00,usd_mxn,17.68,17.69,0.057
2024-07-17 23:04:17+00:00,usd_mxn,17.68,17.69,0.057
2024-07-17 23:04:18+00:00,usd_mxn,17.68,17.69,0.057
2024-07-17 23:04:19+00:00,usd_mxn,17.68,17.69,0.057
2024-07-17 23:04:20+00:00,usd_mxn,17.68,17.69,0.057
2024-07-17 23:04:21+00:00,usd_mxn,17.68,17.69,0.057
2024-07-17 23:04:22+00:00,usd_mxn,17.68,17.69,0.057
2024-07-17 23:04:23+00:00,usd_mxn,17.68,17.69,0.057
2024-07-17 23:04:24+00:00,usd_mxn,17.68,17.69,0.057
2024-07-17 23:04:25+00:00,usd_mxn,17.68,17.69,0.057
2024-07-17 23:04:26+00:00,usd_mxn,17.68,17.69,0.057
2024-07-17 23:04:27+00:00,usd_mxn,17.68,17.69,0.057
2024-07-17 23:04:28+00:00,usd_mxn,17.68,17.69,0.057
2024-07-17 23:04:29+00:00,usd_mxn,17.68,17.69,0.057
2024-07-17 23:04:31+00:00,usd_mxn,17.68,17.69,0.057
2024-07-17 23:04:31+00:00,usd_mxn,17.68,17.69,0.057
2024-07-17 23:04:33+00:00,usd_mxn,17.68,17.69,0.057
2024-07-17 23:04:34+00:00,usd_mxn,17.68,17.69,0.057
2024-07-17 23:04:35+00:00,usd_mxn,17.68,17.69,0.057
2024-07-17 23:04:36+00:00,usd_mxn,17.68,17.69,0.057
2024-07-17 23:04:37+00:00,usd_mxn,17.68,17.69,0.057
2024-07-17 23:04:38+00:00,usd_mxn,17.68,17.69,0.057
2024-07-17 23:04:39+00:00,usd_mxn,17.68,17.69,0.057
2024-07-17 23:04:40+00:00,usd_mxn,17.68,17.69,0.057
2024-07-17 23:04:41+00:00,usd_mxn,17.68,17.69,0.057
2024-07-17 23:04:42+00:00,usd_mxn,17.68,17.69,0.057
2024-07-17 23:04:43+00:00,usd_mxn,17.68,17.69,0.057
2024-07-17 23:04:44+00:00,usd_mxn,17.68,17.69,0.057
2024-07-17 23:04:45+00:00,usd_mxn,17.68,17.69,0.057
2024-07-17 23:04:46+00:00,usd_mxn,17.68,17.69,0.057
2024-07-17 23:04:47+00:00,usd_mxn,17.68,17.69,0.057
2024-07-17 23:04:48+00:00,usd_mxn,17.68,17.69,0.057
2024-07-17 23:04:49+00:00,usd_mxn,17.68,17.69,0.057
2024-07-17 23:04:50+00:00,usd_mxn,17.68,17.69,0.057
2024-07-17 23:04:51+00:00,usd_mxn,17.68,17.69,0.057
2024-07-17 23:04:52+00:00,usd_mxn,17.68,17.69,0.057
2024-07-17 23:04:53+00:00,usd_mxn,17.68,17.69,0.057
2024-07-17 23:04:54+00:00,usd_mxn,17.68,17.69,0.057
2024-07-17 23:04:55+00:00,usd_mxn,17.68,17.69,0.057
2024-07-17 23:04:56+00:00,usd_mxn,17.68,17.69,0.057
2024-07-17 23:04:57+00:00,usd_mxn,17.68,17.69,0.057
2024-07-17 23:04:58+00:00,usd_mxn,17.68,17.69,0.057
2024-07-17 23:04:59+00:00,usd_mxn,17.68,17.69,0.057
2024-07-17 23:05:00+00:00,usd_mxn,17.68,17.69,0.057
2024-07-17 23:05:01+00:00,usd_mxn,17.68,17.69,0.057
2024-07-17 23:05:02+00:00,usd_mxn,17.68,17.69,0.057
2024-07-17 23:05:03+00:00,usd_mxn,17.68,17.69,0.057
2024-07-17 23:05:04+00:00,usd_mxn,17.68,17.69,0.057
2024-07-17 23:05:05+00:00,usd_mxn,17.68,17.69,0.057
2024-07-17 23:05:06+00:00,usd_mxn,17.68,17.69,0.057
2024-07-17 23:05:07+00:00,usd_mxn,17.68,17.69,0.057
2024-07-17 23:05:08+00:00,usd_mxn,17.68,17.69,0.057
2024-07-17 23:05:09+00:00,usd_mxn,17.68,17.69,0.057
2024-07-17 23:05:10+00:00,usd_mxn,17.68,17.69,0.057
2024-07-17 23:05:11+00:00,usd_mxn,17.68,17.69,0.057
2024-07-17 23:05:12+00:00,usd_mxn,17.68,17.69,0.057
2024-07-17 23:05:13+00:00,usd_mxn,17.68,17.69,0.057
2024-07-17 23:05:14+00:00,usd_mxn,17.68,17.69,0.057
2024-07-17 23:05:15+00:00,usd_mxn,17.68,17.69,0.057
2024-07-17 23:05:16+00:00,usd_mxn,17.68,17.69,0.057
2024-07-17 23:05:17+00:00,usd_mxn,17.68,17.69,0.057
2024-07-17 23:05:18+00:00,usd_mxn,17.68,17.69,0.057
2024-07-17 23:05:19+00:00,usd_mxn,17.68,17.69,0.057
2024-07-17 23:05:20+00:00,usd_mxn,17.68,17.69,0.057
2024-07-17 23:05:21+00:00,usd_mxn,17.68,17.69,0.057
2024-07-17 23:05:22+00:00,usd_mxn,17.68,17.69,0.057
2024-07-17 23:05:23+00:00,usd_mxn,17.68,17.69,0.057
2024-07-17 23:05:24+00:00,usd_mxn,17.68,17.69,0.057
2024-07-17 23:05:25+00:00,usd_mxn,17.68,17.69,0.057
2024-07-17 23:05:26+00:00,usd_mxn,17.68,17.69,0.057
2024-07-17 23:05:27+00:00,usd_mxn,17.68,17.69,0.057
2024-07-17 23:05:28+00:00,usd_mxn,17.68,17.69,0.057
2024-07-17 23:05:29+00:00,usd_mxn,17.68,17.69,0.057
2024-07-17 23:05:30+00:00,usd_mxn,17.68,17.69,0.057
2024-07-17 23:05:31+00:00,usd_mxn,17.68,17.69,0.057
2024-07-17 23:05:32+00:00,usd_mxn,17.68,17.69,0.057
2024-07-17 23:05:33+00:00,usd_mxn,17.68,17.69,0.057
2024-07-17 23:05:35+00:00,usd_mxn,17.68,17.69,0.057
2024-07-17 23:05:36+00:00,usd_mxn,17.68,17.69,0.057
2024-07-17 23:05:37+00:00,usd_mxn,17.68,17.69,0.057
2024-07-17 23:05:38+00:00,usd_mxn,17.68,17.69,0.057
2024-07-17 23:05:39+00:00,usd_mxn,17.68,17.69,0.057
2024-07-17 23:05:40+00:00,usd_mxn,17.68,17.69,0.057
2024-07-17 23:05:41+00:00,usd_mxn,17.68,17.69,0.057
2024-07-17 23:05:42+00:00,usd_mxn,17.68,17.69,0.057
2024-07-17 23:05:43+00:00,usd_mxn,17.68,17.69,0.057
2024-07-17 23:05:44+00:00,usd_mxn,17.68,17.69,0.057
2024-07-17 23:05:45+00:00,usd_mxn,17.68,17.69,0.057
2024-07-17 23:05:46+00:00,usd_mxn,17.68,17.69,0.057
2024-07-17 23:05:47+00:00,usd_mxn,17.68,17.69,0.057
2024-07-17 23:05:48+00:00,usd_mxn,17.68,17.69,0.057
2024-07-17 23:05:49+00:00,usd_mxn,17.68,17.69,0.057
2024-07-17 23:05:50+00:00,usd_mxn,17.68,17.69,0.057
2024-07-17 23:05:51+00:00,usd_mxn,17.68,17.69,0.057
2024-07-17 23:05:52+00:00,usd_mxn,17.68,17.69,0.057
2024-07-17 23:05:53+00:00,usd_mxn,17.68,17.69,0.057
2024-07-17 23:05:54+00:00,usd_mxn,17.68,17.69,0.057
2024-07-17 23:05:55+00:00,usd_mxn,17.68,17.69,0.057
2024-07-17 23:05:56+00:00,usd_mxn,17.68,17.69,0.057
2024-07-17 23:05:57+00:00,usd_mxn,17.68,17.69,0.057
2024-07-17 23:05:58+00:00,usd_mxn,17.68,17.69,0.057
2024-07-17 23:05:59+00:00,usd_mxn,17.68,17.69,0.057
2024-07-17 23:06:00+00:00,usd_mxn,17.68,17.69,0.057
2024-07-17 23:06:01+00:00,usd_mxn,17.68,17.69,0.057
2024-07-17 23:06:02+00:00,usd_mxn,17.68,17.69,0.057
2024-07-17 23:06:03+00:00,usd_mxn,17.68,17.69,0.057
2024-07-17 23:06:04+00:00,usd_mxn,17.68,17.69,0.057
2024-07-17 23:06:05+00:00,usd_mxn,17.68,17.69,0.057
2024-07-17 23:06:06+00:00,usd_mxn,17.68,17.69,0.057
2024-07-17 23:06:07+00:00,usd_mxn,17.68,17.69,0.057
2024-07-17 23:06:08+00:00,usd_mxn,17.68,17.69,0.057
2024-07-17 23:06:09+00:00,usd_mxn,17.68,17.69,0.057
2024-07-17 23:06:10+00:00,usd_mxn,17.68,17.69,0.057
2024-07-17 23:06:11+00:00,usd_mxn,17.68,17.69,0.057
2024-07-17 23:06:12+00:00,usd_mxn,17.68,17.69,0.057
2024-07-17 23:06:13+00:00,usd_mxn,17.68,17.69,0.057
2024-07-17 23:06:14+00:00,usd_mxn,17.68,17.69,0.057
2024-07-17 23:06:15+00:00,usd_mxn,17.68,17.69,0.057
2024-07-17 23:06:16+00:00,usd_mxn,17.68,17.69,0.057
2024-07-17 23:06:17+00:00,usd_mxn,17.68,17.69,0.057
2024-07-17 23:06:18+00:00,usd_mxn,17.68,17.69,0.057
2024-07-17 23:06:19+00:00,usd_mxn,17.68,17.69,0.057
2024-07-17 23:06:20+00:00,usd_mxn,17.68,17.69,0.057
2024-07-17 23:06:21+00:00,usd_mxn,17.68,17.69,0.057
2024-07-17 23:06:22+00:00,usd_mxn,17.68,17.69,0.057
2024-07-17 23:06:23+00:00,usd_mxn,17.68,17.69,0.057
2024-07-17 23:06:24+00:00,usd_mxn,17.68,17.69,0.057
2024-07-17 23:06:25+00:00,usd_mxn,17.68,17.69,0.057
2024-07-17 23:06:26+00:00,usd_mxn,17.68,17.69,0.057
2024-07-17 23:06:27+00:00,usd_mxn,17.68,17.69,0.057
2024-07-17 23:06:28+00:00,usd_mxn,17.68,17.69,0.057
2024-07-17 23:06:29+00:00,usd_mxn,17.68,17.69,0.057
2024-07-17 23:06:30+00:00,usd_mxn,17.68,17.69,0.057
2024-07-17 23:06:31+00:00,usd_mxn,17.68,17.69,0.057
2024-07-17 23:06:32+00:00,usd_mxn,17.68,17.69,0.057
2024-07-17 23:06:33+00:00,usd_mxn,17.68,17.69,0.057
2024-07-17 23:06:34+00:00,usd_mxn,17.68,17.69,0.057
2024-07-17 23:06:35+00:00,usd_mxn,17.68,17.69,0.057
2024-07-17 23:06:37+00:00,usd_mxn,17.68,17.69,0.057
2024-07-17 23:06:38+00:00,usd_mxn,17.68,17.69,0.057
2024-07-17 23:06:39+00:00,usd_mxn,17.68,17.69,0.057
2024-07-17 23:06:40+00:00,usd_mxn,17.68,17.69,0.057
2024-07-17 23:06:41+00:00,usd_mxn,17.68,17.69,0.057
2024-07-17 23:06:42+00:00,usd_mxn,17.68,17.69,0.057
2024-07-17 23:06:43+00:00,usd_mxn,17.68,17.69,0.057
2024-07-17 23:06:44+00:00,usd_mxn,17.68,17.69,0.057
2024-07-17 23:06:45+00:00,usd_mxn,17.68,17.69,0.057
2024-07-17 23:06:46+00:00,usd_mxn,17.68,17.69,0.057
2024-07-17 23:06:47+00:00,usd_mxn,17.68,17.69,0.057
2024-07-17 23:06:48+00:00,usd_mxn,17.68,17.69,0.057
2024-07-17 23:06:49+00:00,usd_mxn,17.68,17.69,0.057
2024-07-17 23:06:50+00:00,usd_mxn,17.68,17.69,0.057
2024-07-17 23:06:51+00:00,usd_mxn,17.68,17.69,0.057
2024-07-17 23:06:53+00:00,usd_mxn,17.68,17.69,0.057
2024-07-17 23:06:54+00:00,usd_mxn,17.68,17.69,0.057
2024-07-17 23:06:54+00:00,usd_mxn,17.68,17.69,0.057
2024-07-17 23:06:55+00:00,usd_mxn,17.68,17.69,0.057
2024-07-17 23:06:56+00:00,usd_mxn,17.68,17.69,0.057
2024-07-17 23:06:57+00:00,usd_mxn,17.68,17.69,0.057
2024-07-17 23:06:58+00:00,usd_mxn,17.68,17.69,0.057
2024-07-17 23:06:59+00:00,usd_mxn,17.68,17.69,0.057
2024-07-17 23:07:00+00:00,usd_mxn,17.68,17.69,0.057
2024-07-17 23:07:01+00:00,usd_mxn,17.68,17.69,0.057
2024-07-17 23:07:02+00:00,usd_mxn,17.68,17.69,0.057
2024-07-17 23:07:03+00:00,usd_mxn,17.68,17.69,0.057
2024-07-17 23:07:04+00:00,usd_mxn,17.68,17.69,0.057
2024-07-17 23:07:05+00:00,usd_mxn,17.68,17.69,0.057
2024-07-17 23:07:06+00:00,usd_mxn,17.68,17.69,0.057
2024-07-17 23:07:07+00:00,usd_mxn,17.68,17.69,0.057
2024-07-17 23:07:08+00:00,usd_mxn,17.68,17.69,0.057
2024-07-17 23:07:09+00:00,usd_mxn,17.68,17.69,0.057
2024-07-17 23:07:10+00:00,usd_mxn,17.68,17.69,0.057
2024-07-17 23:07:11+00:00,usd_mxn,17.68,17.69,0.057
2024-07-17 23:07:12+00:00,usd_mxn,17.68,17.69,0.057
2024-07-17 23:07:13+00:00,usd_mxn,17.68,17.69,0.057
2024-07-17 23:07:14+00:00,usd_mxn,17.68,17.69,0.057
2024-07-17 23:07:15+00:00,usd_mxn,17.68,17.69,0.057
2024-07-17 23:07:16+00:00,usd_mxn,17.68,17.69,0.057
2024-07-17 23:07:17+00:00,usd_mxn,17.68,17.69,0.057
2024-07-17 23:07:18+00:00,usd_mxn,17.68,17.69,0.057
2024-07-17 23:07:19+00:00,usd_mxn,17.68,17.69,0.057
2024-07-17 23:07:20+00:00,usd_mxn,17.68,17.69,0.057
2024-07-17 23:07:21+00:00,usd_mxn,17.68,17.69,0.057
2024-07-17 23:07:22+00:00,usd_mxn,17.68,17.69,0.057
2024-07-17 23:07:23+00:00,usd_mxn,17.68,17.69,0.057
2024-07-17 23:07:24+00:00,usd_mxn,17.68,17.69,0.057
2024-07-17 23:07:25+00:00,usd_mxn,17.68,17.69,0.057
2024-07-17 23:07:27+00:00,usd_mxn,17.68,17.69,0.057
2024-07-17 23:07:28+00:00,usd_mxn,17.68,17.69,0.057
2024-07-17 23:07:29+00:00,usd_mxn,17.68,17.69,0.057
2024-07-17 23:07:30+00:00,usd_mxn,17.68,17.69,0.057
2024-07-17 23:07:31+00:00,usd_mxn,17.68,17.69,0.057
2024-07-17 23:07:32+00:00,usd_mxn,17.68,17.69,0.057
2024-07-17 23:07:33+00:00,usd_mxn,17.68,17.69,0.057
2024-07-17 23:07:34+00:00,usd_mxn,17.68,17.69,0.057
2024-07-17 23:07:35+00:00,usd_mxn,17.68,17.69,0.057
2024-07-17 23:07:36+00:00,usd_mxn,17.68,17.69,0.057
2024-07-17 23:07:37+00:00,usd_mxn,17.68,17.69,0.057
2024-07-17 23:07:38+00:00,usd_mxn,17.68,17.69,0.057
2024-07-17 23:07:39+00:00,usd_mxn,17.68,17.69,0.057
2024-07-17 23:07:40+00:00,usd_mxn,17.68,17.69,0.057
2024-07-17 23:07:41+00:00,usd_mxn,17.68,17.69,0.057
2024-07-17 23:07:42+00:00,usd_mxn,17.68,17.69,0.057
2024-07-17 23:07:43+00:00,usd_mxn,17.68,17.69,0.057
