orderbook_timestamp,book,bid,ask,spread
2024-07-17 22:04:33+00:00,btc_mxn,1138010.0,1138010.02,0.0
2024-07-17 22:04:34+00:00,btc_mxn,1138010.0,1138010.02,0.0
2024-07-17 22:04:36+00:00,btc_mxn,1138010.0,1138010.02,0.0
2024-07-17 22:04:37+00:00,btc_mxn,1138010.0,1138010.02,0.0
2024-07-17 22:04:38+00:00,btc_mxn,1138010.0,1138010.02,0.0
2024-07-17 22:04:39+00:00,btc_mxn,1138010.0,1138010.02,0.0
2024-07-17 22:04:40+00:00,btc_mxn,1138010.0,1138010.02,0.0
2024-07-17 22:04:41+00:00,btc_mxn,1138009.98,1138010.02,0.0
2024-07-17 22:04:42+00:00,btc_mxn,1138009.98,1138010.02,0.0
2024-07-17 22:04:43+00:00,btc_mxn,1138009.98,1138010.02,0.0
2024-07-17 22:04:44+00:00,btc_mxn,1138009.98,1138010.02,0.0
2024-07-17 22:04:45+00:00,btc_mxn,1138009.98,1138010.02,0.0
2024-07-17 22:04:46+00:00,btc_mxn,1138009.98,1138010.02,0.0
2024-07-17 22:04:47+00:00,btc_mxn,1138009.98,1138010.02,0.0
2024-07-17 22:04:48+00:00,btc_mxn,1138009.98,1138010.02,0.0
2024-07-17 22:04:49+00:00,btc_mxn,1138009.98,1138010.02,0.0
2024-07-17 22:04:50+00:00,btc_mxn,1138009.98,1138010.02,0.0
2024-07-17 22:04:51+00:00,btc_mxn,1138009.98,1138010.02,0.0
2024-07-17 22:04:52+00:00,btc_mxn,1138009.98,1138010.02,0.0
2024-07-17 22:04:53+00:00,btc_mxn,1138009.98,1138010.02,0.0
2024-07-17 22:04:54+00:00,btc_mxn,1138009.98,1138010.02,0.0
2024-07-17 22:04:55+00:00,btc_mxn,1138009.98,1138010.02,0.0
2024-07-17 22:04:56+00:00,btc_mxn,1138009.98,1138010.02,0.0
2024-07-17 22:04:58+00:00,btc_mxn,1138009.98,1138010.02,0.0
2024-07-17 22:04:59+00:00,btc_mxn,1138009.98,1138010.02,0.0
2024-07-17 22:05:00+00:00,btc_mxn,1138009.98,1138010.02,0.0
2024-07-17 22:05:01+00:00,btc_mxn,1138009.98,1138010.02,0.0
2024-07-17 22:05:02+00:00,btc_mxn,1138009.98,1138010.02,0.0
2024-07-17 22:05:03+00:00,btc_mxn,1138009.98,1138010.02,0.0
2024-07-17 22:05:04+00:00,btc_mxn,1138009.98,1138010.02,0.0
2024-07-17 22:05:05+00:00,btc_mxn,1138009.98,1138010.02,0.0
2024-07-17 22:05:06+00:00,btc_mxn,1138009.98,1138010.02,0.0
2024-07-17 22:05:07+00:00,btc_mxn,1138009.98,1138010.02,0.0
2024-07-17 22:05:08+00:00,btc_mxn,1138009.98,1138010.02,0.0
2024-07-17 22:05:09+00:00,btc_mxn,1138009.98,1138010.02,0.0
2024-07-17 22:05:10+00:00,btc_mxn,1138009.98,1138010.02,0.0
2024-07-17 22:05:11+00:00,btc_mxn,1138009.98,1138010.02,0.0
2024-07-17 22:05:12+00:00,btc_mxn,1138009.98,1138010.02,0.0
2024-07-17 22:05:13+00:00,btc_mxn,1138009.98,1138010.02,0.0
2024-07-17 22:05:14+00:00,btc_mxn,1138009.98,1138010.02,0.0
2024-07-17 22:05:15+00:00,btc_mxn,1138009.98,1138010.02,0.0
2024-07-17 22:05:16+00:00,btc_mxn,1138009.98,1138010.02,0.0
2024-07-17 22:05:17+00:00,btc_mxn,1138009.98,1138010.02,0.0
2024-07-17 22:05:18+00:00,btc_mxn,1138009.98,1138010.02,0.0
2024-07-17 22:05:19+00:00,btc_mxn,1138009.98,1138010.02,0.0
2024-07-17 22:05:20+00:00,btc_mxn,1138009.98,1138010.02,0.0
2024-07-17 22:05:21+00:00,btc_mxn,1138009.98,1138010.02,0.0
2024-07-17 22:05:22+00:00,btc_mxn,1138009.98,1138010.02,0.0
2024-07-17 22:05:23+00:00,btc_mxn,1138009.98,1138010.02,0.0
2024-07-17 22:05:24+00:00,btc_mxn,1138009.98,1138010.02,0.0
2024-07-17 22:05:25+00:00,btc_mxn,1138009.98,1138010.02,0.0
2024-07-17 22:05:26+00:00,btc_mxn,1138009.98,1138010.02,0.0
2024-07-17 22:05:27+00:00,btc_mxn,1138009.98,1138010.02,0.0
2024-07-17 22:05:28+00:00,btc_mxn,1138009.98,1138010.02,0.0
2024-07-17 22:05:29+00:00,btc_mxn,1138009.98,1138010.02,0.0
2024-07-17 22:05:30+00:00,btc_mxn,1138009.98,1138010.02,0.0
2024-07-17 22:05:31+00:00,btc_mxn,1138009.98,1138010.02,0.0
2024-07-17 22:05:32+00:00,btc_mxn,1138009.98,1138010.02,0.0
2024-07-17 22:05:33+00:00,btc_mxn,1138009.98,1138010.02,0.0
2024-07-17 22:05:34+00:00,btc_mxn,1138009.98,1138010.02,0.0
2024-07-17 22:05:35+00:00,btc_mxn,1138009.98,1138010.02,0.0
2024-07-17 22:05:36+00:00,btc_mxn,1138009.98,1138010.02,0.0
2024-07-17 22:05:37+00:00,btc_mxn,1138009.98,1138010.02,0.0
2024-07-17 22:05:38+00:00,btc_mxn,1138009.98,1138010.02,0.0
2024-07-17 22:05:39+00:00,btc_mxn,1138009.98,1138010.02,0.0
2024-07-17 22:05:40+00:00,btc_mxn,1138009.98,1138010.02,0.0
2024-07-17 22:05:41+00:00,btc_mxn,1138009.98,1138010.02,0.0
2024-07-17 22:05:42+00:00,btc_mxn,1138009.98,1138010.02,0.0
2024-07-17 22:05:43+00:00,btc_mxn,1138939.98,1138940.02,0.0
2024-07-17 22:05:44+00:00,btc_mxn,1138939.98,1138940.02,0.0
2024-07-17 22:05:45+00:00,btc_mxn,1138939.98,1138940.02,0.0
2024-07-17 22:05:46+00:00,btc_mxn,1138939.98,1138940.02,0.0
2024-07-17 22:05:47+00:00,btc_mxn,1138939.98,1138940.02,0.0
2024-07-17 22:05:48+00:00,btc_mxn,1138939.98,1138940.02,0.0
2024-07-17 22:05:49+00:00,btc_mxn,1138939.98,1138940.02,0.0
2024-07-17 22:05:50+00:00,btc_mxn,1138939.98,1138940.02,0.0
2024-07-17 22:05:51+00:00,btc_mxn,1138939.98,1138940.02,0.0
2024-07-17 22:05:52+00:00,btc_mxn,1138939.98,1138940.02,0.0
2024-07-17 22:05:53+00:00,btc_mxn,1138939.98,1138940.02,0.0
2024-07-17 22:05:54+00:00,btc_mxn,1138939.98,1138940.02,0.0
2024-07-17 22:05:55+00:00,btc_mxn,1138939.98,1138940.02,0.0
2024-07-17 22:05:56+00:00,btc_mxn,1138939.98,1138940.02,0.0
2024-07-17 22:05:57+00:00,btc_mxn,1138939.98,1138940.02,0.0
2024-07-17 22:05:58+00:00,btc_mxn,1138939.98,1138940.02,0.0
2024-07-17 22:05:59+00:00,btc_mxn,1138939.98,1138940.02,0.0
2024-07-17 22:06:00+00:00,btc_mxn,1138939.98,1138940.02,0.0
2024-07-17 22:06:02+00:00,btc_mxn,1138939.98,1138940.02,0.0
2024-07-17 22:06:03+00:00,btc_mxn,1138939.98,1138940.02,0.0
2024-07-17 22:06:04+00:00,btc_mxn,1138939.98,1138940.02,0.0
2024-07-17 22:06:05+00:00,btc_mxn,1138939.98,1138940.02,0.0
2024-07-17 22:06:06+00:00,btc_mxn,1138939.98,1138940.02,0.0
2024-07-17 22:06:07+00:00,btc_mxn,1138939.98,1138940.02,0.0
2024-07-17 22:06:08+00:00,btc_mxn,1138939.98,1138940.02,0.0
2024-07-17 22:06:09+00:00,btc_mxn,1138939.98,1138940.02,0.0
2024-07-17 22:06:10+00:00,btc_mxn,1138939.98,1138940.02,0.0
2024-07-17 22:06:11+00:00,btc_mxn,1138939.98,1138940.02,0.0
2024-07-17 22:06:12+00:00,btc_mxn,1138939.98,1138940.02,0.0
2024-07-17 22:06:14+00:00,btc_mxn,1138939.98,1138940.02,0.0
2024-07-17 22:06:15+00:00,btc_mxn,1138939.98,1138940.02,0.0
2024-07-17 22:06:16+00:00,btc_mxn,1138939.98,1138940.02,0.0
2024-07-17 22:06:17+00:00,btc_mxn,1138939.98,1138940.02,0.0
2024-07-17 22:06:18+00:00,btc_mxn,1138939.98,1138940.02,0.0
2024-07-17 22:06:19+00:00,btc_mxn,1138939.98,1138940.02,0.0
2024-07-17 22:06:20+00:00,btc_mxn,1138939.98,1138940.02,0.0
2024-07-17 22:06:21+00:00,btc_mxn,1138939.98,1138940.02,0.0
2024-07-17 22:06:22+00:00,btc_mxn,1138939.98,1138940.02,0.0
2024-07-17 22:06:23+00:00,btc_mxn,1138939.98,1138940.02,0.0
2024-07-17 22:06:24+00:00,btc_mxn,1138939.98,1138940.02,0.0
2024-07-17 22:06:25+00:00,btc_mxn,1138939.98,1138940.02,0.0
2024-07-17 22:06:26+00:00,btc_mxn,1138939.98,1138940.02,0.0
2024-07-17 22:06:27+00:00,btc_mxn,1138939.98,1138940.02,0.0
2024-07-17 22:06:28+00:00,btc_mxn,1138939.98,1138940.02,0.0
2024-07-17 22:06:29+00:00,btc_mxn,1138939.98,1138940.02,0.0
2024-07-17 22:06:30+00:00,btc_mxn,1138939.98,1138940.02,0.0
2024-07-17 22:06:31+00:00,btc_mxn,1138939.98,1138940.02,0.0
2024-07-17 22:06:32+00:00,btc_mxn,1138939.98,1138940.02,0.0
2024-07-17 22:06:33+00:00,btc_mxn,1138939.98,1138940.02,0.0
2024-07-17 22:06:34+00:00,btc_mxn,1138939.98,1138940.02,0.0
2024-07-17 22:06:35+00:00,btc_mxn,1138939.98,1138940.02,0.0
2024-07-17 22:06:36+00:00,btc_mxn,1138939.98,1138940.02,0.0
2024-07-17 22:06:37+00:00,btc_mxn,1138939.98,1138940.02,0.0
2024-07-17 22:06:38+00:00,btc_mxn,1138939.98,1138940.02,0.0
2024-07-17 22:06:39+00:00,btc_mxn,1138939.98,1138940.02,0.0
2024-07-17 22:06:40+00:00,btc_mxn,1138939.98,1138940.02,0.0
2024-07-17 22:06:41+00:00,btc_mxn,1138939.98,1138940.02,0.0
2024-07-17 22:06:42+00:00,btc_mxn,1138939.98,1138940.02,0.0
2024-07-17 22:06:43+00:00,btc_mxn,1138939.98,1138940.02,0.0
2024-07-17 22:06:44+00:00,btc_mxn,1138939.98,1138940.02,0.0
2024-07-17 22:06:45+00:00,btc_mxn,1138939.98,1138940.02,0.0
2024-07-17 22:06:46+00:00,btc_mxn,1138939.98,1138940.02,0.0
2024-07-17 22:06:47+00:00,btc_mxn,1138939.98,1138940.02,0.0
2024-07-17 22:06:48+00:00,btc_mxn,1138939.98,1138940.02,0.0
2024-07-17 22:06:49+00:00,btc_mxn,1138939.98,1138940.02,0.0
2024-07-17 22:06:50+00:00,btc_mxn,1138939.98,1138940.02,0.0
2024-07-17 22:06:52+00:00,btc_mxn,1138939.98,1138940.02,0.0
2024-07-17 22:06:53+00:00,btc_mxn,1138939.98,1138940.02,0.0
2024-07-17 22:06:54+00:00,btc_mxn,1138939.98,1138940.02,0.0
2024-07-17 22:06:55+00:00,btc_mxn,1138939.98,1138940.02,0.0
2024-07-17 22:06:56+00:00,btc_mxn,1138939.98,1138940.02,0.0
2024-07-17 22:06:57+00:00,btc_mxn,1138939.98,1138940.02,0.0
2024-07-17 22:06:58+00:00,btc_mxn,1138939.98,1138940.02,0.0
2024-07-17 22:06:59+00:00,btc_mxn,1138939.98,1138940.02,0.0
2024-07-17 22:07:00+00:00,btc_mxn,1138939.98,1138940.02,0.0
2024-07-17 22:07:01+00:00,btc_mxn,1138939.98,1138940.02,0.0
2024-07-17 22:07:02+00:00,btc_mxn,1138939.98,1138940.02,0.0
2024-07-17 22:07:03+00:00,btc_mxn,1138939.98,1138940.02,0.0
2024-07-17 22:07:04+00:00,btc_mxn,1138939.98,1138940.02,0.0
2024-07-17 22:07:05+00:00,btc_mxn,1138939.98,1138940.02,0.0
2024-07-17 22:07:06+00:00,btc_mxn,1138939.98,1138940.02,0.0
2024-07-17 22:07:07+00:00,btc_mxn,1138939.98,1138940.02,0.0
2024-07-17 22:07:08+00:00,btc_mxn,1138939.98,1138940.02,0.0
2024-07-17 22:07:09+00:00,btc_mxn,1138939.98,1138940.02,0.0
2024-07-17 22:07:10+00:00,btc_mxn,1138939.98,1138940.02,0.0
2024-07-17 22:07:11+00:00,btc_mxn,1138939.98,1138940.02,0.0
2024-07-17 22:07:12+00:00,btc_mxn,1138939.98,1138940.02,0.0
2024-07-17 22:07:13+00:00,btc_mxn,1138939.98,1138940.02,0.0
2024-07-17 22:07:14+00:00,btc_mxn,1138939.98,1138940.02,0.0
2024-07-17 22:07:16+00:00,btc_mxn,1138939.98,1138940.02,0.0
2024-07-17 22:07:16+00:00,btc_mxn,1138939.98,1138940.02,0.0
2024-07-17 22:07:17+00:00,btc_mxn,1138939.98,1138940.02,0.0
2024-07-17 22:07:19+00:00,btc_mxn,1138939.98,1138940.02,0.0
2024-07-17 22:07:19+00:00,btc_mxn,1138939.98,1138940.02,0.0
2024-07-17 22:07:21+00:00,btc_mxn,1138939.98,1138940.02,0.0
2024-07-17 22:07:22+00:00,btc_mxn,1138939.98,1138940.02,0.0
2024-07-17 22:07:23+00:00,btc_mxn,1138939.98,1138940.02,0.0
2024-07-17 22:07:24+00:00,btc_mxn,1138939.98,1138940.02,0.0
2024-07-17 22:07:25+00:00,btc_mxn,1138939.98,1138940.02,0.0
2024-07-17 22:07:26+00:00,btc_mxn,1138939.98,1138940.02,0.0
2024-07-17 22:07:27+00:00,btc_mxn,1138939.98,1138940.02,0.0
2024-07-17 22:07:28+00:00,btc_mxn,1138939.98,1138940.02,0.0
2024-07-17 22:07:29+00:00,btc_mxn,1138939.98,1138940.02,0.0
2024-07-17 22:07:30+00:00,btc_mxn,1138939.98,1138940.02,0.0
2024-07-17 22:07:31+00:00,btc_mxn,1138939.98,1138940.02,0.0
2024-07-17 22:07:32+00:00,btc_mxn,1138939.98,1138940.02,0.0
2024-07-17 22:07:33+00:00,btc_mxn,1138939.98,1138940.02,0.0
2024-07-17 22:07:34+00:00,btc_mxn,1138939.98,1138940.02,0.0
2024-07-17 22:07:35+00:00,btc_mxn,1138939.98,1138940.02,0.0
2024-07-17 22:07:36+00:00,btc_mxn,1138939.98,1138940.02,0.0
2024-07-17 22:07:37+00:00,btc_mxn,1138939.98,1138940.02,0.0
2024-07-17 22:07:38+00:00,btc_mxn,1138939.98,1138940.02,0.0
2024-07-17 22:07:39+00:00,btc_mxn,1138939.98,1138940.02,0.0
2024-07-17 22:07:40+00:00,btc_mxn,1138939.98,1138940.02,0.0
2024-07-17 22:07:41+00:00,btc_mxn,1138939.98,1138940.02,0.0
2024-07-17 22:07:42+00:00,btc_mxn,1138939.98,1138940.02,0.0
2024-07-17 22:07:43+00:00,btc_mxn,1138939.98,1138940.02,0.0
2024-07-17 22:07:44+00:00,btc_mxn,1138939.98,1138940.02,0.0
2024-07-17 22:07:45+00:00,btc_mxn,1138939.98,1138940.02,0.0
2024-07-17 22:07:46+00:00,btc_mxn,1138939.98,1138940.02,0.0
2024-07-17 22:07:47+00:00,btc_mxn,1138939.98,1138940.02,0.0
2024-07-17 22:07:48+00:00,btc_mxn,1138939.98,1138940.02,0.0
2024-07-17 22:07:49+00:00,btc_mxn,1138939.98,1138940.02,0.0
2024-07-17 22:07:50+00:00,btc_mxn,1138939.98,1138940.02,0.0
2024-07-17 22:07:51+00:00,btc_mxn,1138939.98,1138940.02,0.0
2024-07-17 22:07:52+00:00,btc_mxn,1138939.98,1138940.02,0.0
2024-07-17 22:07:53+00:00,btc_mxn,1138939.98,1138940.02,0.0
2024-07-17 22:07:54+00:00,btc_mxn,1138939.98,1138940.02,0.0
2024-07-17 22:07:55+00:00,btc_mxn,1138939.98,1138940.02,0.0
2024-07-17 22:07:56+00:00,btc_mxn,1138939.98,1138940.02,0.0
2024-07-17 22:07:57+00:00,btc_mxn,1138939.98,1138940.02,0.0
2024-07-17 22:07:58+00:00,btc_mxn,1138939.98,1138940.02,0.0
2024-07-17 22:07:59+00:00,btc_mxn,1138939.98,1138940.02,0.0
2024-07-17 22:08:00+00:00,btc_mxn,1138939.98,1138940.02,0.0
2024-07-17 22:08:01+00:00,btc_mxn,1138939.98,1138940.02,0.0
2024-07-17 22:08:02+00:00,btc_mxn,1138939.98,1138940.02,0.0
2024-07-17 22:08:03+00:00,btc_mxn,1138939.98,1138940.02,0.0
2024-07-17 22:08:04+00:00,btc_mxn,1138939.98,1138940.02,0.0
2024-07-17 22:08:05+00:00,btc_mxn,1138939.98,1138940.02,0.0
2024-07-17 22:08:06+00:00,btc_mxn,1138939.98,1138940.02,0.0
2024-07-17 22:08:07+00:00,btc_mxn,1138939.98,1138940.02,0.0
2024-07-17 22:08:08+00:00,btc_mxn,1138939.98,1138940.02,0.0
2024-07-17 22:08:09+00:00,btc_mxn,1138939.98,1138940.02,0.0
2024-07-17 22:08:10+00:00,btc_mxn,1138939.98,1138940.02,0.0
2024-07-17 22:08:11+00:00,btc_mxn,1138939.98,1138940.02,0.0
2024-07-17 22:08:12+00:00,btc_mxn,1138939.98,1138940.02,0.0
2024-07-17 22:08:13+00:00,btc_mxn,1138939.98,1138940.02,0.0
2024-07-17 22:08:14+00:00,btc_mxn,1138939.98,1138940.02,0.0
2024-07-17 22:08:15+00:00,btc_mxn,1138939.98,1138940.02,0.0
2024-07-17 22:08:16+00:00,btc_mxn,1138939.98,1138940.02,0.0
2024-07-17 22:08:17+00:00,btc_mxn,1138939.98,1138940.02,0.0
2024-07-17 22:08:18+00:00,btc_mxn,1138939.98,1138940.02,0.0
2024-07-17 22:08:20+00:00,btc_mxn,1138939.98,1138940.02,0.0
2024-07-17 22:08:21+00:00,btc_mxn,1138939.98,1138940.02,0.0
2024-07-17 22:08:22+00:00,btc_mxn,1138939.98,1138940.02,0.0
2024-07-17 22:08:23+00:00,btc_mxn,1138939.98,1138940.02,0.0
2024-07-17 22:08:24+00:00,btc_mxn,1138939.98,1138940.02,0.0
2024-07-17 22:08:25+00:00,btc_mxn,1138939.98,1138940.02,0.0
2024-07-17 22:08:26+00:00,btc_mxn,1138939.98,1138940.02,0.0
2024-07-17 22:08:27+00:00,btc_mxn,1138939.98,1138940.02,0.0
2024-07-17 22:08:28+00:00,btc_mxn,1138939.98,1138940.02,0.0
2024-07-17 22:08:29+00:00,btc_mxn,1138939.98,1138940.02,0.0
2024-07-17 22:08:30+00:00,btc_mxn,1138939.98,1138940.02,0.0
2024-07-17 22:08:31+00:00,btc_mxn,1138939.98,1138940.02,0.0
2024-07-17 22:08:32+00:00,btc_mxn,1138939.98,1138940.02,0.0
2024-07-17 22:08:33+00:00,btc_mxn,1138939.98,1138940.02,0.0
2024-07-17 22:08:34+00:00,btc_mxn,1138939.98,1138940.02,0.0
2024-07-17 22:08:35+00:00,btc_mxn,1138939.98,1138940.02,0.0
2024-07-17 22:08:36+00:00,btc_mxn,1138939.98,1138940.02,0.0
2024-07-17 22:08:37+00:00,btc_mxn,1138939.98,1138940.02,0.0
2024-07-17 22:08:38+00:00,btc_mxn,1138939.98,1138940.02,0.0
2024-07-17 22:08:39+00:00,btc_mxn,1138939.98,1138940.02,0.0
2024-07-17 22:08:40+00:00,btc_mxn,1138939.98,1138940.02,0.0
2024-07-17 22:08:41+00:00,btc_mxn,1138939.98,1138940.02,0.0
2024-07-17 22:08:42+00:00,btc_mxn,1138939.98,1138940.02,0.0
2024-07-17 22:08:43+00:00,btc_mxn,1138939.98,1138940.02,0.0
2024-07-17 22:08:44+00:00,btc_mxn,1138939.98,1138940.02,0.0
2024-07-17 22:08:45+00:00,btc_mxn,1138939.98,1138940.02,0.0
2024-07-17 22:08:46+00:00,btc_mxn,1138939.98,1138940.02,0.0
2024-07-17 22:08:47+00:00,btc_mxn,1138939.98,1138940.02,0.0
2024-07-17 22:08:48+00:00,btc_mxn,1138939.98,1138940.02,0.0
2024-07-17 22:08:50+00:00,btc_mxn,1138939.98,1138940.02,0.0
2024-07-17 22:08:52+00:00,btc_mxn,1138939.98,1138940.02,0.0
2024-07-17 22:08:53+00:00,btc_mxn,1138939.98,1138940.02,0.0
2024-07-17 22:08:54+00:00,btc_mxn,1138939.98,1138940.02,0.0
2024-07-17 22:08:55+00:00,btc_mxn,1138939.98,1138940.02,0.0
2024-07-17 22:08:56+00:00,btc_mxn,1138939.98,1138940.02,0.0
2024-07-17 22:08:57+00:00,btc_mxn,1138939.98,1138940.02,0.0
2024-07-17 22:08:58+00:00,btc_mxn,1138939.98,1138940.02,0.0
2024-07-17 22:08:59+00:00,btc_mxn,1138939.98,1138940.02,0.0
2024-07-17 22:09:00+00:00,btc_mxn,1138939.98,1138940.02,0.0
2024-07-17 22:09:01+00:00,btc_mxn,1138939.98,1138940.02,0.0
2024-07-17 22:09:02+00:00,btc_mxn,1138939.98,1138940.02,0.0
2024-07-17 22:09:03+00:00,btc_mxn,1138939.98,1138940.02,0.0
2024-07-17 22:09:04+00:00,btc_mxn,1138939.98,1138940.02,0.0
2024-07-17 22:09:05+00:00,btc_mxn,1138939.98,1138940.02,0.0
2024-07-17 22:09:07+00:00,btc_mxn,1138939.98,1138940.02,0.0
2024-07-17 22:09:08+00:00,btc_mxn,1138939.98,1138940.02,0.0
2024-07-17 22:09:09+00:00,btc_mxn,1138939.98,1138940.02,0.0
2024-07-17 22:09:10+00:00,btc_mxn,1138939.98,1138940.02,0.0
2024-07-17 22:09:11+00:00,btc_mxn,1138939.98,1138940.02,0.0
2024-07-17 22:09:12+00:00,btc_mxn,1138939.98,1138940.02,0.0
2024-07-17 22:09:13+00:00,btc_mxn,1138939.98,1138940.02,0.0
2024-07-17 22:09:14+00:00,btc_mxn,1138939.98,1138940.02,0.0
2024-07-17 22:09:15+00:00,btc_mxn,1138939.98,1138940.02,0.0
2024-07-17 22:09:16+00:00,btc_mxn,1138939.98,1138940.02,0.0
2024-07-17 22:09:17+00:00,btc_mxn,1138939.98,1138940.02,0.0
2024-07-17 22:09:19+00:00,btc_mxn,1138939.98,1138940.02,0.0
2024-07-17 22:09:20+00:00,btc_mxn,1138939.98,1138940.02,0.0
2024-07-17 22:09:21+00:00,btc_mxn,1138939.98,1138940.02,0.0
2024-07-17 22:09:22+00:00,btc_mxn,1138939.98,1138940.02,0.0
2024-07-17 22:09:23+00:00,btc_mxn,1138939.98,1138940.02,0.0
2024-07-17 22:09:24+00:00,btc_mxn,1138939.98,1138940.02,0.0
2024-07-17 22:09:26+00:00,btc_mxn,1138939.98,1138940.02,0.0
2024-07-17 22:09:27+00:00,btc_mxn,1138939.98,1138940.02,0.0
2024-07-17 22:09:29+00:00,btc_mxn,1138939.98,1138940.02,0.0
2024-07-17 22:09:30+00:00,btc_mxn,1138939.98,1138940.02,0.0
2024-07-17 22:09:31+00:00,btc_mxn,1138939.98,1138940.02,0.0
2024-07-17 22:09:32+00:00,btc_mxn,1138939.98,1138940.02,0.0
2024-07-17 22:09:33+00:00,btc_mxn,1138939.98,1138940.02,0.0
2024-07-17 22:09:34+00:00,btc_mxn,1138939.98,1138940.02,0.0
2024-07-17 22:09:35+00:00,btc_mxn,1138939.98,1138940.02,0.0
2024-07-17 22:09:36+00:00,btc_mxn,1138939.98,1138940.02,0.0
2024-07-17 22:09:37+00:00,btc_mxn,1138939.98,1138940.02,0.0
2024-07-17 22:09:38+00:00,btc_mxn,1138939.98,1138940.02,0.0
2024-07-17 22:09:39+00:00,btc_mxn,1138939.98,1138940.02,0.0
2024-07-17 22:09:40+00:00,btc_mxn,1138939.98,1138940.02,0.0
2024-07-17 22:09:41+00:00,btc_mxn,1138939.98,1138940.02,0.0
2024-07-17 22:09:43+00:00,btc_mxn,1138939.98,1138940.02,0.0
2024-07-17 22:09:44+00:00,btc_mxn,1138939.98,1138940.02,0.0
2024-07-17 22:09:44+00:00,btc_mxn,1138939.98,1138940.02,0.0
2024-07-17 22:09:45+00:00,btc_mxn,1138939.98,1138940.02,0.0
2024-07-17 22:09:46+00:00,btc_mxn,1138939.98,1138940.02,0.0
2024-07-17 22:09:47+00:00,btc_mxn,1138939.98,1138940.02,0.0
2024-07-17 22:09:48+00:00,btc_mxn,1138939.98,1138940.02,0.0
2024-07-17 22:09:49+00:00,btc_mxn,1138939.98,1138940.02,0.0
2024-07-17 22:09:50+00:00,btc_mxn,1138939.98,1138940.02,0.0
2024-07-17 22:09:51+00:00,btc_mxn,1138939.98,1138940.02,0.0
2024-07-17 22:09:52+00:00,btc_mxn,1138939.98,1138940.02,0.0
2024-07-17 22:09:53+00:00,btc_mxn,1138939.98,1138940.02,0.0
2024-07-17 22:09:54+00:00,btc_mxn,1138939.98,1138940.02,0.0
2024-07-17 22:09:55+00:00,btc_mxn,1138939.98,1138940.02,0.0
2024-07-17 22:09:57+00:00,btc_mxn,1138939.98,1138940.02,0.0
2024-07-17 22:09:58+00:00,btc_mxn,1138939.98,1138940.02,0.0
2024-07-17 22:09:59+00:00,btc_mxn,1138939.98,1138940.02,0.0
2024-07-17 22:10:00+00:00,btc_mxn,1138939.98,1138940.02,0.0
2024-07-17 22:10:02+00:00,btc_mxn,1138939.98,1138940.02,0.0
2024-07-17 22:10:03+00:00,btc_mxn,1138939.98,1138940.02,0.0
2024-07-17 22:10:04+00:00,btc_mxn,1138939.98,1138940.02,0.0
2024-07-17 22:10:05+00:00,btc_mxn,1138939.98,1138940.02,0.0
2024-07-17 22:10:06+00:00,btc_mxn,1138939.98,1138940.02,0.0
2024-07-17 22:10:08+00:00,btc_mxn,1138939.98,1138940.02,0.0
2024-07-17 22:10:09+00:00,btc_mxn,1138939.98,1138940.02,0.0
2024-07-17 22:10:10+00:00,btc_mxn,1138939.98,1138940.02,0.0
2024-07-17 22:10:11+00:00,btc_mxn,1138939.98,1138940.02,0.0
2024-07-17 22:10:12+00:00,btc_mxn,1138939.98,1138940.02,0.0
2024-07-17 22:10:13+00:00,btc_mxn,1138939.98,1138940.02,0.0
2024-07-17 22:10:14+00:00,btc_mxn,1138939.98,1138940.02,0.0
2024-07-17 22:10:16+00:00,btc_mxn,1138939.98,1138940.02,0.0
2024-07-17 22:10:17+00:00,btc_mxn,1138939.98,1138940.02,0.0
2024-07-17 22:10:18+00:00,btc_mxn,1138939.98,1138940.02,0.0
2024-07-17 22:10:19+00:00,btc_mxn,1138939.98,1138940.02,0.0
2024-07-17 22:10:20+00:00,btc_mxn,1138939.98,1138940.02,0.0
2024-07-17 22:10:21+00:00,btc_mxn,1138939.98,1138940.02,0.0
2024-07-17 22:10:22+00:00,btc_mxn,1138939.98,1138940.02,0.0
2024-07-17 22:10:23+00:00,btc_mxn,1138939.98,1138940.02,0.0
2024-07-17 22:10:24+00:00,btc_mxn,1138939.98,1138940.02,0.0
2024-07-17 22:10:25+00:00,btc_mxn,1138939.98,1138940.02,0.0
2024-07-17 22:10:26+00:00,btc_mxn,1138939.98,1138940.02,0.0
2024-07-17 22:10:27+00:00,btc_mxn,1138939.98,1138940.02,0.0
2024-07-17 22:10:28+00:00,btc_mxn,1138939.98,1138940.02,0.0
2024-07-17 22:10:29+00:00,btc_mxn,1138939.98,1138940.02,0.0
2024-07-17 22:10:30+00:00,btc_mxn,1138939.98,1138940.02,0.0
2024-07-17 22:10:31+00:00,btc_mxn,1138939.98,1138940.02,0.0
2024-07-17 22:10:32+00:00,btc_mxn,1138939.98,1138940.02,0.0
2024-07-17 22:10:33+00:00,btc_mxn,1138939.98,1138940.02,0.0
2024-07-17 22:10:34+00:00,btc_mxn,1138939.98,1138940.02,0.0
2024-07-17 22:10:35+00:00,btc_mxn,1138939.98,1138940.02,0.0
2024-07-17 22:10:36+00:00,btc_mxn,1138939.98,1138940.02,0.0
2024-07-17 22:10:37+00:00,btc_mxn,1138939.98,1138940.02,0.0
2024-07-17 22:10:38+00:00,btc_mxn,1138939.98,1138940.02,0.0
2024-07-17 22:10:39+00:00,btc_mxn,1138939.98,1138940.02,0.0
2024-07-17 22:10:40+00:00,btc_mxn,1138939.98,1138940.02,0.0
2024-07-17 22:10:41+00:00,btc_mxn,1138939.98,1138940.02,0.0
2024-07-17 22:10:42+00:00,btc_mxn,1138939.98,1138940.02,0.0
2024-07-17 22:10:43+00:00,btc_mxn,1138939.98,1138940.02,0.0
2024-07-17 22:10:44+00:00,btc_mxn,1138939.98,1138940.02,0.0
2024-07-17 22:10:45+00:00,btc_mxn,1136369.98,1136370.02,0.0
2024-07-17 22:10:46+00:00,btc_mxn,1136369.98,1136370.02,0.0
2024-07-17 22:10:47+00:00,btc_mxn,1136369.98,1136370.02,0.0
2024-07-17 22:10:49+00:00,btc_mxn,1136369.98,1136370.02,0.0
2024-07-17 22:10:50+00:00,btc_mxn,1136369.98,1136370.02,0.0
2024-07-17 22:10:51+00:00,btc_mxn,1136369.98,1136370.02,0.0
2024-07-17 22:10:51+00:00,btc_mxn,1136369.98,1136370.02,0.0
2024-07-17 22:10:52+00:00,btc_mxn,1136369.98,1136370.02,0.0
2024-07-17 22:10:53+00:00,btc_mxn,1136369.98,1136370.02,0.0
2024-07-17 22:10:54+00:00,btc_mxn,1136369.98,1136370.02,0.0
2024-07-17 22:10:55+00:00,btc_mxn,1136369.98,1136370.02,0.0
2024-07-17 22:10:56+00:00,btc_mxn,1136369.98,1136370.02,0.0
2024-07-17 22:10:57+00:00,btc_mxn,1136369.98,1136370.02,0.0
2024-07-17 22:10:58+00:00,btc_mxn,1136369.98,1136370.02,0.0
2024-07-17 22:10:59+00:00,btc_mxn,1136369.98,1136370.02,0.0
2024-07-17 22:11:00+00:00,btc_mxn,1136369.98,1136370.02,0.0
2024-07-17 22:11:01+00:00,btc_mxn,1136369.98,1136370.02,0.0
2024-07-17 22:11:02+00:00,btc_mxn,1136369.98,1136370.02,0.0
2024-07-17 22:11:03+00:00,btc_mxn,1136369.98,1136370.02,0.0
2024-07-17 22:11:04+00:00,btc_mxn,1136369.98,1136370.02,0.0
2024-07-17 22:11:05+00:00,btc_mxn,1136369.98,1136370.02,0.0
2024-07-17 22:11:06+00:00,btc_mxn,1136369.98,1136370.02,0.0
2024-07-17 22:11:07+00:00,btc_mxn,1136369.98,1136370.02,0.0
2024-07-17 22:11:08+00:00,btc_mxn,1136369.98,1136370.02,0.0
2024-07-17 22:11:09+00:00,btc_mxn,1136369.98,1136370.02,0.0
2024-07-17 22:11:10+00:00,btc_mxn,1136369.98,1136370.02,0.0
2024-07-17 22:11:11+00:00,btc_mxn,1136369.98,1136370.02,0.0
2024-07-17 22:11:13+00:00,btc_mxn,1136369.98,1136370.02,0.0
2024-07-17 22:11:14+00:00,btc_mxn,1136369.98,1136370.02,0.0
2024-07-17 22:11:15+00:00,btc_mxn,1136369.98,1136370.02,0.0
2024-07-17 22:11:16+00:00,btc_mxn,1136369.98,1136370.02,0.0
2024-07-17 22:11:17+00:00,btc_mxn,1136369.98,1136370.02,0.0
2024-07-17 22:11:18+00:00,btc_mxn,1136369.98,1136370.02,0.0
2024-07-17 22:11:19+00:00,btc_mxn,1136369.98,1136370.02,0.0
2024-07-17 22:11:20+00:00,btc_mxn,1136369.98,1136370.02,0.0
2024-07-17 22:11:21+00:00,btc_mxn,1136369.98,1136370.02,0.0
2024-07-17 22:11:22+00:00,btc_mxn,1136369.98,1136370.02,0.0
2024-07-17 22:11:23+00:00,btc_mxn,1136369.98,1136370.02,0.0
2024-07-17 22:11:24+00:00,btc_mxn,1136369.98,1136370.02,0.0
2024-07-17 22:11:25+00:00,btc_mxn,1136369.98,1136370.02,0.0
2024-07-17 22:11:26+00:00,btc_mxn,1136369.98,1136370.02,0.0
2024-07-17 22:11:27+00:00,btc_mxn,1136369.98,1136370.02,0.0
2024-07-17 22:11:28+00:00,btc_mxn,1136369.98,1136370.02,0.0
2024-07-17 22:11:29+00:00,btc_mxn,1136369.98,1136370.02,0.0
2024-07-17 22:11:30+00:00,btc_mxn,1136369.98,1136370.02,0.0
2024-07-17 22:11:31+00:00,btc_mxn,1136369.98,1136370.02,0.0
2024-07-17 22:11:32+00:00,btc_mxn,1136369.98,1136370.02,0.0
2024-07-17 22:11:33+00:00,btc_mxn,1136369.98,1136370.02,0.0
2024-07-17 22:11:34+00:00,btc_mxn,1136369.98,1136370.02,0.0
2024-07-17 22:11:35+00:00,btc_mxn,1136369.98,1136370.02,0.0
2024-07-17 22:11:36+00:00,btc_mxn,1136369.98,1136370.02,0.0
2024-07-17 22:11:37+00:00,btc_mxn,1136369.98,1136370.02,0.0
2024-07-17 22:11:38+00:00,btc_mxn,1136369.98,1136370.02,0.0
2024-07-17 22:11:39+00:00,btc_mxn,1136369.98,1136370.02,0.0
2024-07-17 22:11:40+00:00,btc_mxn,1136369.98,1136370.02,0.0
2024-07-17 22:11:41+00:00,btc_mxn,1136369.98,1136370.02,0.0
2024-07-17 22:11:42+00:00,btc_mxn,1136369.98,1136370.02,0.0
2024-07-17 22:11:43+00:00,btc_mxn,1136369.98,1136370.02,0.0
2024-07-17 22:11:44+00:00,btc_mxn,1136369.98,1136370.02,0.0
2024-07-17 22:11:46+00:00,btc_mxn,1136369.98,1136370.02,0.0
2024-07-17 22:11:47+00:00,btc_mxn,1136369.98,1136370.02,0.0
2024-07-17 22:11:48+00:00,btc_mxn,1136369.98,1136370.02,0.0
2024-07-17 22:11:49+00:00,btc_mxn,1136369.98,1136370.02,0.0
2024-07-17 22:11:50+00:00,btc_mxn,1136369.98,1136370.02,0.0
2024-07-17 22:11:51+00:00,btc_mxn,1136369.98,1136370.02,0.0
2024-07-17 22:11:52+00:00,btc_mxn,1136369.98,1136370.02,0.0
2024-07-17 22:11:53+00:00,btc_mxn,1136369.98,1136370.02,0.0
2024-07-17 22:11:54+00:00,btc_mxn,1136369.98,1136370.02,0.0
2024-07-17 22:11:55+00:00,btc_mxn,1136369.98,1136370.02,0.0
2024-07-17 22:11:56+00:00,btc_mxn,1136369.98,1136370.02,0.0
2024-07-17 22:11:57+00:00,btc_mxn,1136369.98,1136370.02,0.0
2024-07-17 22:11:58+00:00,btc_mxn,1136369.98,1136370.02,0.0
2024-07-17 22:11:59+00:00,btc_mxn,1136369.98,1136370.02,0.0
2024-07-17 22:12:00+00:00,btc_mxn,1136369.98,1136370.02,0.0
2024-07-17 22:12:01+00:00,btc_mxn,1136369.98,1136370.02,0.0
2024-07-17 22:12:02+00:00,btc_mxn,1136369.98,1136370.02,0.0
2024-07-17 22:12:03+00:00,btc_mxn,1136369.98,1136370.02,0.0
2024-07-17 22:12:04+00:00,btc_mxn,1136369.98,1136370.02,0.0
2024-07-17 22:12:05+00:00,btc_mxn,1136369.98,1136370.02,0.0
2024-07-17 22:12:06+00:00,btc_mxn,1136369.98,1136370.02,0.0
2024-07-17 22:12:07+00:00,btc_mxn,1136369.98,1136370.02,0.0
2024-07-17 22:12:08+00:00,btc_mxn,1136369.98,1136370.02,0.0
2024-07-17 22:12:09+00:00,btc_mxn,1136369.98,1136370.02,0.0
2024-07-17 22:12:10+00:00,btc_mxn,1136369.98,1136370.02,0.0
2024-07-17 22:12:11+00:00,btc_mxn,1136369.98,1136370.02,0.0
2024-07-17 22:12:12+00:00,btc_mxn,1136369.98,1136370.02,0.0
2024-07-17 22:12:13+00:00,btc_mxn,1136369.98,1136370.02,0.0
2024-07-17 22:12:14+00:00,btc_mxn,1136369.98,1136370.02,0.0
2024-07-17 22:12:15+00:00,btc_mxn,1136369.98,1136370.02,0.0
2024-07-17 22:12:16+00:00,btc_mxn,1136369.98,1136370.02,0.0
2024-07-17 22:12:17+00:00,btc_mxn,1136369.98,1136370.02,0.0
2024-07-17 22:12:18+00:00,btc_mxn,1136369.98,1136370.02,0.0
2024-07-17 22:12:19+00:00,btc_mxn,1136369.98,1136370.02,0.0
2024-07-17 22:12:20+00:00,btc_mxn,1136369.98,1136370.02,0.0
2024-07-17 22:12:21+00:00,btc_mxn,1136369.98,1136370.02,0.0
2024-07-17 22:12:22+00:00,btc_mxn,1136369.98,1136370.02,0.0
2024-07-17 22:12:23+00:00,btc_mxn,1136369.98,1136370.02,0.0
2024-07-17 22:12:24+00:00,btc_mxn,1136369.98,1136370.02,0.0
2024-07-17 22:12:25+00:00,btc_mxn,1136369.98,1136370.02,0.0
2024-07-17 22:12:26+00:00,btc_mxn,1136369.98,1136370.02,0.0
2024-07-17 22:12:27+00:00,btc_mxn,1136369.98,1136370.02,0.0
2024-07-17 22:12:28+00:00,btc_mxn,1136369.98,1136370.02,0.0
2024-07-17 22:12:29+00:00,btc_mxn,1136369.98,1136370.02,0.0
2024-07-17 22:12:30+00:00,btc_mxn,1136369.98,1136370.02,0.0
2024-07-17 22:12:31+00:00,btc_mxn,1136369.98,1136370.02,0.0
2024-07-17 22:12:32+00:00,btc_mxn,1136369.98,1136370.02,0.0
2024-07-17 22:12:33+00:00,btc_mxn,1136369.98,1136370.02,0.0
2024-07-17 22:12:34+00:00,btc_mxn,1136369.98,1136370.02,0.0
2024-07-17 22:12:35+00:00,btc_mxn,1136369.98,1136370.02,0.0
2024-07-17 22:12:37+00:00,btc_mxn,1136369.98,1136370.02,0.0
2024-07-17 22:12:37+00:00,btc_mxn,1136369.98,1136370.02,0.0
2024-07-17 22:12:39+00:00,btc_mxn,1136369.98,1136370.02,0.0
2024-07-17 22:12:40+00:00,btc_mxn,1136369.98,1136370.02,0.0
2024-07-17 22:12:41+00:00,btc_mxn,1136369.98,1136370.02,0.0
2024-07-17 22:12:42+00:00,btc_mxn,1136369.98,1136370.02,0.0
2024-07-17 22:12:43+00:00,btc_mxn,1136369.98,1136370.02,0.0
2024-07-17 22:12:44+00:00,btc_mxn,1136369.98,1136370.02,0.0
2024-07-17 22:12:45+00:00,btc_mxn,1136369.98,1136370.02,0.0
2024-07-17 22:12:47+00:00,btc_mxn,1136369.98,1136370.02,0.0
2024-07-17 22:12:47+00:00,btc_mxn,1136369.98,1136370.02,0.0
2024-07-17 22:12:48+00:00,btc_mxn,1136369.98,1136370.02,0.0
2024-07-17 22:12:49+00:00,btc_mxn,1136369.98,1136370.02,0.0
2024-07-17 22:12:50+00:00,btc_mxn,1136369.98,1136370.02,0.0
2024-07-17 22:12:51+00:00,btc_mxn,1136369.98,1136370.02,0.0
2024-07-17 22:12:52+00:00,btc_mxn,1136369.98,1136370.02,0.0
2024-07-17 22:12:54+00:00,btc_mxn,1136369.98,1136370.02,0.0
2024-07-17 22:12:55+00:00,btc_mxn,1136369.98,1136370.02,0.0
2024-07-17 22:12:56+00:00,btc_mxn,1136369.98,1136370.02,0.0
2024-07-17 22:12:57+00:00,btc_mxn,1136369.98,1136370.02,0.0
2024-07-17 22:12:58+00:00,btc_mxn,1136369.98,1136370.02,0.0
2024-07-17 22:12:59+00:00,btc_mxn,1136369.98,1136370.02,0.0
2024-07-17 22:13:00+00:00,btc_mxn,1136369.98,1136370.02,0.0
2024-07-17 22:13:01+00:00,btc_mxn,1136369.98,1136370.02,0.0
2024-07-17 22:13:02+00:00,btc_mxn,1136369.98,1136370.02,0.0
2024-07-17 22:13:03+00:00,btc_mxn,1136369.98,1136370.02,0.0
2024-07-17 22:13:04+00:00,btc_mxn,1136369.98,1136370.02,0.0
2024-07-17 22:13:05+00:00,btc_mxn,1136369.98,1136370.02,0.0
2024-07-17 22:13:06+00:00,btc_mxn,1136369.98,1136370.02,0.0
2024-07-17 22:13:07+00:00,btc_mxn,1136369.98,1136370.02,0.0
2024-07-17 22:13:08+00:00,btc_mxn,1136369.98,1136370.02,0.0
2024-07-17 22:13:09+00:00,btc_mxn,1136369.98,1136370.02,0.0
2024-07-17 22:13:10+00:00,btc_mxn,1136369.98,1136370.02,0.0
2024-07-17 22:13:11+00:00,btc_mxn,1136369.98,1136370.02,0.0
2024-07-17 22:13:12+00:00,btc_mxn,1136369.98,1136370.02,0.0
2024-07-17 22:13:13+00:00,btc_mxn,1136369.98,1136370.02,0.0
2024-07-17 22:13:14+00:00,btc_mxn,1136369.98,1136370.02,0.0
2024-07-17 22:13:15+00:00,btc_mxn,1136369.98,1136370.02,0.0
2024-07-17 22:13:16+00:00,btc_mxn,1136369.98,1136370.02,0.0
2024-07-17 22:13:17+00:00,btc_mxn,1136369.98,1136370.02,0.0
2024-07-17 22:13:18+00:00,btc_mxn,1136369.98,1136370.02,0.0
2024-07-17 22:13:19+00:00,btc_mxn,1136369.98,1136370.02,0.0
2024-07-17 22:13:20+00:00,btc_mxn,1136369.98,1136370.02,0.0
2024-07-17 22:13:21+00:00,btc_mxn,1136369.98,1136370.02,0.0
2024-07-17 22:13:22+00:00,btc_mxn,1136369.98,1136370.02,0.0
2024-07-17 22:13:23+00:00,btc_mxn,1136369.98,1136370.02,0.0
2024-07-17 22:13:24+00:00,btc_mxn,1136369.98,1136370.02,0.0
2024-07-17 22:13:25+00:00,btc_mxn,1136369.98,1136370.02,0.0
2024-07-17 22:13:27+00:00,btc_mxn,1136369.98,1136370.02,0.0
2024-07-17 22:13:28+00:00,btc_mxn,1136369.98,1136370.02,0.0
2024-07-17 22:13:30+00:00,btc_mxn,1136369.98,1136370.02,0.0
2024-07-17 22:13:32+00:00,btc_mxn,1136369.98,1136370.02,0.0
2024-07-17 22:13:33+00:00,btc_mxn,1136369.98,1136370.02,0.0
2024-07-17 22:13:34+00:00,btc_mxn,1136369.98,1136370.02,0.0
2024-07-17 22:13:35+00:00,btc_mxn,1136369.98,1136370.02,0.0
2024-07-17 22:13:37+00:00,btc_mxn,1136369.98,1136370.02,0.0
2024-07-17 22:13:38+00:00,btc_mxn,1136620.0,1141090.0,0.392
2024-07-17 22:13:39+00:00,btc_mxn,1136620.0,1141090.0,0.392
2024-07-17 22:13:40+00:00,btc_mxn,1136680.0,1140980.0,0.377
2024-07-17 22:13:41+00:00,btc_mxn,1136700.0,1140960.0,0.373
2024-07-17 22:13:42+00:00,btc_mxn,1136700.0,1140960.0,0.373
2024-07-17 22:13:43+00:00,btc_mxn,1136700.0,1140960.0,0.373
2024-07-17 22:13:44+00:00,btc_mxn,1136700.0,1140960.0,0.373
2024-07-17 22:13:45+00:00,btc_mxn,1136700.0,1140960.0,0.373
2024-07-17 22:13:46+00:00,btc_mxn,1136700.0,1141090.0,0.385
2024-07-17 22:13:47+00:00,btc_mxn,1136700.0,1140850.0,0.364
2024-07-17 22:13:48+00:00,btc_mxn,1136700.0,1140850.0,0.364
2024-07-17 22:13:49+00:00,btc_mxn,1136700.0,1140850.0,0.364
2024-07-17 22:13:50+00:00,btc_mxn,1136700.0,1140800.0,0.359
2024-07-17 22:13:51+00:00,btc_mxn,1136700.0,1140760.0,0.356
2024-07-17 22:13:52+00:00,btc_mxn,1136700.0,1140760.0,0.356
2024-07-17 22:13:53+00:00,btc_mxn,1136680.0,1140680.0,0.351
2024-07-17 22:13:54+00:00,btc_mxn,1136680.0,1140680.0,0.351
2024-07-17 22:13:55+00:00,btc_mxn,1136680.0,1140680.0,0.351
2024-07-17 22:13:56+00:00,btc_mxn,1136680.0,1140680.0,0.351
2024-07-17 22:13:57+00:00,btc_mxn,1136680.0,1140680.0,0.351
2024-07-17 22:13:59+00:00,btc_mxn,1136680.0,1140680.0,0.351
2024-07-17 22:14:00+00:00,btc_mxn,1136680.0,1140600.0,0.344
2024-07-17 22:14:01+00:00,btc_mxn,1136680.0,1140600.0,0.344
2024-07-17 22:14:02+00:00,btc_mxn,1136680.0,1140600.0,0.344
2024-07-17 22:14:03+00:00,btc_mxn,1136680.0,1140600.0,0.344
2024-07-17 22:14:04+00:00,btc_mxn,1136680.0,1140600.0,0.344
2024-07-17 22:14:05+00:00,btc_mxn,1136680.0,1140530.0,0.338
2024-07-17 22:14:06+00:00,btc_mxn,1136680.0,1140530.0,0.338
2024-07-17 22:14:07+00:00,btc_mxn,1136680.0,1140530.0,0.338
2024-07-17 22:14:08+00:00,btc_mxn,1136680.0,1140530.0,0.338
2024-07-17 22:14:09+00:00,btc_mxn,1136680.0,1140530.0,0.338
2024-07-17 22:14:10+00:00,btc_mxn,1136680.0,1140530.0,0.338
2024-07-17 22:14:11+00:00,btc_mxn,1136680.0,1140530.0,0.338
2024-07-17 22:14:12+00:00,btc_mxn,1136680.0,1140530.0,0.338
2024-07-17 22:14:13+00:00,btc_mxn,1136680.0,1140530.0,0.338
2024-07-17 22:14:14+00:00,btc_mxn,1136680.0,1140530.0,0.338
2024-07-17 22:14:15+00:00,btc_mxn,1136680.0,1140530.0,0.338
2024-07-17 22:14:16+00:00,btc_mxn,1136680.0,1140530.0,0.338
2024-07-17 22:14:17+00:00,btc_mxn,1136680.0,1140530.0,0.338
2024-07-17 22:14:18+00:00,btc_mxn,1136680.0,1140530.0,0.338
2024-07-17 22:14:19+00:00,btc_mxn,1136680.0,1140530.0,0.338
2024-07-17 22:14:20+00:00,btc_mxn,1136680.0,1140530.0,0.338
2024-07-17 22:14:21+00:00,btc_mxn,1136680.0,1140530.0,0.338
2024-07-17 22:14:22+00:00,btc_mxn,1136680.0,1140530.0,0.338
2024-07-17 22:14:23+00:00,btc_mxn,1136680.0,1140530.0,0.338
2024-07-17 22:14:24+00:00,btc_mxn,1136680.0,1140530.0,0.338
2024-07-17 22:14:25+00:00,btc_mxn,1136680.0,1140530.0,0.338
2024-07-17 22:14:26+00:00,btc_mxn,1136680.0,1140530.0,0.338
2024-07-17 22:14:27+00:00,btc_mxn,1136680.0,1140530.0,0.338
2024-07-17 22:14:28+00:00,btc_mxn,1136680.0,1140530.0,0.338
2024-07-17 22:14:29+00:00,btc_mxn,1136680.0,1140530.0,0.338
2024-07-17 22:14:30+00:00,btc_mxn,1136680.0,1140530.0,0.338
2024-07-17 22:14:31+00:00,btc_mxn,1136680.0,1140530.0,0.338
2024-07-17 22:14:32+00:00,btc_mxn,1136680.0,1140530.0,0.338
2024-07-17 22:14:33+00:00,btc_mxn,1136680.0,1140530.0,0.338
2024-07-17 22:14:34+00:00,btc_mxn,1136680.0,1140530.0,0.338
2024-07-17 22:14:35+00:00,btc_mxn,1136680.0,1140530.0,0.338
2024-07-17 22:14:36+00:00,btc_mxn,1136680.0,1138250.0,0.138
2024-07-17 22:14:37+00:00,btc_mxn,1136680.0,1138250.0,0.138
2024-07-17 22:14:38+00:00,btc_mxn,1136680.0,1138250.0,0.138
2024-07-17 22:14:39+00:00,btc_mxn,1136369.98,1138250.0,0.165
2024-07-17 22:14:41+00:00,btc_mxn,1136369.98,1138250.0,0.165
2024-07-17 22:14:42+00:00,btc_mxn,1136369.98,1138250.0,0.165
2024-07-17 22:14:43+00:00,btc_mxn,1136369.98,1138250.0,0.165
2024-07-17 22:14:44+00:00,btc_mxn,1136369.98,1138250.0,0.165
2024-07-17 22:14:45+00:00,btc_mxn,1136369.98,1138250.0,0.165
2024-07-17 22:14:46+00:00,btc_mxn,1136369.98,1138250.0,0.165
2024-07-17 22:14:47+00:00,btc_mxn,1136369.98,1138250.0,0.165
2024-07-17 22:14:48+00:00,btc_mxn,1136369.98,1138250.0,0.165
2024-07-17 22:14:49+00:00,btc_mxn,1136369.98,1138250.0,0.165
2024-07-17 22:14:50+00:00,btc_mxn,1136369.98,1138250.0,0.165
2024-07-17 22:14:51+00:00,btc_mxn,1136369.98,1138250.0,0.165
2024-07-17 22:14:52+00:00,btc_mxn,1136369.98,1138250.0,0.165
2024-07-17 22:14:53+00:00,btc_mxn,1136369.98,1138250.0,0.165
2024-07-17 22:14:54+00:00,btc_mxn,1136369.98,1138250.0,0.165
2024-07-17 22:14:55+00:00,btc_mxn,1136369.98,1138250.0,0.165
2024-07-17 22:14:56+00:00,btc_mxn,1136369.98,1138220.0,0.163
2024-07-17 22:14:57+00:00,btc_mxn,1136369.98,1138220.0,0.163
2024-07-17 22:14:58+00:00,btc_mxn,1136369.98,1138220.0,0.163
2024-07-17 22:14:59+00:00,btc_mxn,1136369.98,1138220.0,0.163
