orderbook_timestamp,book,bid,ask,spread
2024-07-18 14:12:23+00:00,btc_mxn,1147999.98,1148000.02,0.0
2024-07-18 14:12:24+00:00,btc_mxn,1147999.98,1148000.02,0.0
2024-07-18 14:12:25+00:00,btc_mxn,1147999.98,1148000.02,0.0
2024-07-18 14:12:26+00:00,btc_mxn,1147999.98,1148000.02,0.0
2024-07-18 14:12:27+00:00,btc_mxn,1147999.98,1148000.02,0.0
2024-07-18 14:12:28+00:00,btc_mxn,1147999.98,1148000.02,0.0
2024-07-18 14:12:29+00:00,btc_mxn,1147999.98,1148000.02,0.0
2024-07-18 14:12:30+00:00,btc_mxn,1147999.98,1148000.02,0.0
2024-07-18 14:12:31+00:00,btc_mxn,1147999.98,1148000.02,0.0
2024-07-18 14:12:32+00:00,btc_mxn,1147999.98,1148000.02,0.0
2024-07-18 14:12:33+00:00,btc_mxn,1147999.98,1148000.02,0.0
2024-07-18 14:12:34+00:00,btc_mxn,1147999.98,1148000.02,0.0
2024-07-18 14:12:35+00:00,btc_mxn,1147999.98,1148000.02,0.0
2024-07-18 14:12:36+00:00,btc_mxn,1147999.98,1148000.02,0.0
2024-07-18 14:12:37+00:00,btc_mxn,1147999.98,1148000.02,0.0
2024-07-18 14:12:39+00:00,btc_mxn,1147999.98,1148000.02,0.0
2024-07-18 14:12:40+00:00,btc_mxn,1147999.98,1148000.02,0.0
2024-07-18 14:12:41+00:00,btc_mxn,1147999.98,1148000.02,0.0
2024-07-18 14:12:42+00:00,btc_mxn,1147999.98,1148000.02,0.0
2024-07-18 14:12:43+00:00,btc_mxn,1147999.98,1148000.02,0.0
2024-07-18 14:12:44+00:00,btc_mxn,1147999.98,1148000.02,0.0
2024-07-18 14:12:45+00:00,btc_mxn,1147999.98,1148000.02,0.0
2024-07-18 14:12:46+00:00,btc_mxn,1147999.98,1148000.02,0.0
2024-07-18 14:12:47+00:00,btc_mxn,1147999.98,1148000.02,0.0
2024-07-18 14:12:48+00:00,btc_mxn,1147999.98,1148000.02,0.0
2024-07-18 14:12:49+00:00,btc_mxn,1147999.98,1148000.02,0.0
2024-07-18 14:12:50+00:00,btc_mxn,1147999.98,1148000.02,0.0
2024-07-18 14:12:51+00:00,btc_mxn,1147999.98,1148000.02,0.0
2024-07-18 14:12:52+00:00,btc_mxn,1147999.98,1148000.02,0.0
2024-07-18 14:12:53+00:00,btc_mxn,1147999.98,1148000.02,0.0
2024-07-18 14:12:54+00:00,btc_mxn,1147999.98,1148000.02,0.0
2024-07-18 14:12:55+00:00,btc_mxn,1147999.98,1148000.02,0.0
2024-07-18 14:12:56+00:00,btc_mxn,1147999.98,1148000.02,0.0
2024-07-18 14:12:57+00:00,btc_mxn,1147999.98,1148000.02,0.0
2024-07-18 14:12:58+00:00,btc_mxn,1147999.98,1148000.02,0.0
2024-07-18 14:12:59+00:00,btc_mxn,1147999.98,1148000.02,0.0
2024-07-18 14:13:00+00:00,btc_mxn,1147999.98,1148000.02,0.0
2024-07-18 14:13:01+00:00,btc_mxn,1147999.98,1148000.02,0.0
2024-07-18 14:13:02+00:00,btc_mxn,1147999.98,1148000.02,0.0
2024-07-18 14:13:03+00:00,btc_mxn,1147999.98,1148000.02,0.0
2024-07-18 14:13:04+00:00,btc_mxn,1147999.98,1148000.02,0.0
2024-07-18 14:13:05+00:00,btc_mxn,1147999.98,1148000.02,0.0
2024-07-18 14:13:06+00:00,btc_mxn,1147999.98,1148000.02,0.0
2024-07-18 14:13:07+00:00,btc_mxn,1147999.98,1148000.02,0.0
2024-07-18 14:13:08+00:00,btc_mxn,1147999.98,1148000.02,0.0
2024-07-18 14:13:09+00:00,btc_mxn,1147999.98,1148000.02,0.0
2024-07-18 14:13:10+00:00,btc_mxn,1147999.98,1148000.02,0.0
2024-07-18 14:13:11+00:00,btc_mxn,1147999.98,1148000.02,0.0
2024-07-18 14:13:12+00:00,btc_mxn,1147999.98,1148000.02,0.0
2024-07-18 14:13:13+00:00,btc_mxn,1147999.98,1148000.02,0.0
2024-07-18 14:13:14+00:00,btc_mxn,1147999.98,1148000.02,0.0
2024-07-18 14:13:15+00:00,btc_mxn,1147999.98,1148000.02,0.0
2024-07-18 14:13:16+00:00,btc_mxn,1147999.98,1148000.02,0.0
2024-07-18 14:13:17+00:00,btc_mxn,1147999.98,1148000.02,0.0
2024-07-18 14:13:18+00:00,btc_mxn,1147999.98,1148000.02,0.0
2024-07-18 14:13:19+00:00,btc_mxn,1147999.98,1148000.02,0.0
2024-07-18 14:13:20+00:00,btc_mxn,1147999.98,1148000.02,0.0
2024-07-18 14:13:21+00:00,btc_mxn,1147999.98,1148000.02,0.0
2024-07-18 14:13:22+00:00,btc_mxn,1147999.98,1148000.02,0.0
2024-07-18 14:13:24+00:00,btc_mxn,1147999.98,1148000.02,0.0
2024-07-18 14:13:24+00:00,btc_mxn,1147999.98,1148000.02,0.0
2024-07-18 14:13:25+00:00,btc_mxn,1147999.98,1148000.02,0.0
2024-07-18 14:13:27+00:00,btc_mxn,1147999.98,1148000.02,0.0
2024-07-18 14:13:28+00:00,btc_mxn,1147999.98,1148000.02,0.0
2024-07-18 14:13:29+00:00,btc_mxn,1147999.98,1148000.02,0.0
2024-07-18 14:13:30+00:00,btc_mxn,1147999.98,1148000.02,0.0
2024-07-18 14:13:31+00:00,btc_mxn,1147999.98,1148000.02,0.0
2024-07-18 14:13:32+00:00,btc_mxn,1147999.98,1148000.02,0.0
2024-07-18 14:13:33+00:00,btc_mxn,1147999.98,1148000.02,0.0
2024-07-18 14:13:34+00:00,btc_mxn,1147999.98,1148000.02,0.0
2024-07-18 14:13:35+00:00,btc_mxn,1147999.98,1148000.02,0.0
2024-07-18 14:13:36+00:00,btc_mxn,1147999.98,1148000.02,0.0
2024-07-18 14:13:37+00:00,btc_mxn,1147999.98,1148000.02,0.0
2024-07-18 14:13:38+00:00,btc_mxn,1147999.98,1148000.02,0.0
2024-07-18 14:13:39+00:00,btc_mxn,1147999.98,1148000.02,0.0
2024-07-18 14:13:40+00:00,btc_mxn,1147999.98,1148000.02,0.0
2024-07-18 14:13:41+00:00,btc_mxn,1147999.98,1148000.02,0.0
2024-07-18 14:13:42+00:00,btc_mxn,1147999.98,1148000.02,0.0
2024-07-18 14:13:43+00:00,btc_mxn,1147999.98,1148000.02,0.0
2024-07-18 14:13:44+00:00,btc_mxn,1147999.98,1148000.02,0.0
2024-07-18 14:13:45+00:00,btc_mxn,1147999.98,1148000.02,0.0
2024-07-18 14:13:46+00:00,btc_mxn,1147999.98,1148000.02,0.0
2024-07-18 14:13:47+00:00,btc_mxn,1147999.98,1148000.02,0.0
2024-07-18 14:13:48+00:00,btc_mxn,1147999.98,1148000.02,0.0
2024-07-18 14:13:49+00:00,btc_mxn,1147999.98,1148000.02,0.0
2024-07-18 14:13:50+00:00,btc_mxn,1147999.98,1148000.02,0.0
2024-07-18 14:13:51+00:00,btc_mxn,1147999.98,1148000.02,0.0
2024-07-18 14:13:52+00:00,btc_mxn,1147999.98,1148000.02,0.0
2024-07-18 14:13:53+00:00,btc_mxn,1147999.98,1148000.02,0.0
2024-07-18 14:13:54+00:00,btc_mxn,1147999.98,1148000.02,0.0
2024-07-18 14:13:55+00:00,btc_mxn,1147999.98,1148000.02,0.0
2024-07-18 14:13:56+00:00,btc_mxn,1147999.98,1148000.02,0.0
2024-07-18 14:13:57+00:00,btc_mxn,1147999.98,1148000.02,0.0
2024-07-18 14:13:58+00:00,btc_mxn,1147999.98,1148000.02,0.0
2024-07-18 14:13:59+00:00,btc_mxn,1147999.98,1148000.02,0.0
2024-07-18 14:14:00+00:00,btc_mxn,1147999.98,1148000.02,0.0
2024-07-18 14:14:01+00:00,btc_mxn,1147999.98,1148000.02,0.0
2024-07-18 14:14:02+00:00,btc_mxn,1147999.98,1148000.02,0.0
2024-07-18 14:14:03+00:00,btc_mxn,1147999.98,1148000.02,0.0
2024-07-18 14:14:04+00:00,btc_mxn,1146180.0,1147970.0,0.156
2024-07-18 14:14:05+00:00,btc_mxn,1146180.0,1147970.0,0.156
2024-07-18 14:14:06+00:00,btc_mxn,1146180.0,1147970.0,0.156
2024-07-18 14:14:07+00:00,btc_mxn,1146180.0,1147970.0,0.156
2024-07-18 14:14:08+00:00,btc_mxn,1146180.0,1147970.0,0.156
2024-07-18 14:14:09+00:00,btc_mxn,1146180.0,1147970.0,0.156
2024-07-18 14:14:10+00:00,btc_mxn,1146180.0,1147970.0,0.156
2024-07-18 14:14:12+00:00,btc_mxn,1146180.0,1147970.0,0.156
2024-07-18 14:14:14+00:00,btc_mxn,1146200.0,1147970.0,0.154
2024-07-18 14:14:15+00:00,btc_mxn,1146200.0,1147970.0,0.154
2024-07-18 14:14:16+00:00,btc_mxn,1146200.0,1147970.0,0.154
2024-07-18 14:14:17+00:00,btc_mxn,1146200.0,1147970.0,0.154
2024-07-18 14:14:18+00:00,btc_mxn,1146200.0,1147990.0,0.156
2024-07-18 14:14:19+00:00,btc_mxn,1146200.0,1147990.0,0.156
2024-07-18 14:14:20+00:00,btc_mxn,1146180.0,1147990.0,0.158
2024-07-18 14:14:21+00:00,btc_mxn,1146180.0,1147990.0,0.158
2024-07-18 14:14:22+00:00,btc_mxn,1146180.0,1147990.0,0.158
2024-07-18 14:14:23+00:00,btc_mxn,1146180.0,1147990.0,0.158
2024-07-18 14:14:24+00:00,btc_mxn,1146180.0,1147990.0,0.158
2024-07-18 14:14:25+00:00,btc_mxn,1146180.0,1147990.0,0.158
2024-07-18 14:14:26+00:00,btc_mxn,1146180.0,1147990.0,0.158
2024-07-18 14:14:27+00:00,btc_mxn,1146180.0,1147990.0,0.158
2024-07-18 14:14:28+00:00,btc_mxn,1146180.0,1147990.0,0.158
2024-07-18 14:14:29+00:00,btc_mxn,1146180.0,1147990.0,0.158
2024-07-18 14:14:30+00:00,btc_mxn,1146180.0,1147990.0,0.158
2024-07-18 14:14:31+00:00,btc_mxn,1146180.0,1147990.0,0.158
2024-07-18 14:14:32+00:00,btc_mxn,1146180.0,1147990.0,0.158
2024-07-18 14:14:33+00:00,btc_mxn,1146180.0,1147990.0,0.158
2024-07-18 14:14:34+00:00,btc_mxn,1146180.0,1147990.0,0.158
2024-07-18 14:14:35+00:00,btc_mxn,1146180.0,1147990.0,0.158
2024-07-18 14:14:36+00:00,btc_mxn,1146180.0,1147990.0,0.158
2024-07-18 14:14:37+00:00,btc_mxn,1146180.0,1147990.0,0.158
2024-07-18 14:14:38+00:00,btc_mxn,1146180.0,1147990.0,0.158
2024-07-18 14:14:39+00:00,btc_mxn,1146180.0,1147990.0,0.158
2024-07-18 14:14:40+00:00,btc_mxn,1146180.0,1147990.0,0.158
2024-07-18 14:14:41+00:00,btc_mxn,1146180.0,1147990.0,0.158
2024-07-18 14:14:42+00:00,btc_mxn,1146180.0,1147990.0,0.158
2024-07-18 14:14:43+00:00,btc_mxn,1146180.0,1147990.0,0.158
2024-07-18 14:14:44+00:00,btc_mxn,1146180.0,1147990.0,0.158
2024-07-18 14:14:45+00:00,btc_mxn,1146180.0,1147990.0,0.158
2024-07-18 14:14:46+00:00,btc_mxn,1146180.0,1147990.0,0.158
2024-07-18 14:14:47+00:00,btc_mxn,1146180.0,1147990.0,0.158
2024-07-18 14:14:48+00:00,btc_mxn,1146180.0,1147990.0,0.158
2024-07-18 14:14:49+00:00,btc_mxn,1146180.0,1147990.0,0.158
2024-07-18 14:14:50+00:00,btc_mxn,1146180.0,1147990.0,0.158
2024-07-18 14:14:51+00:00,btc_mxn,1146180.0,1147990.0,0.158
2024-07-18 14:14:52+00:00,btc_mxn,1146180.0,1147990.0,0.158
2024-07-18 14:14:53+00:00,btc_mxn,1146180.0,1147990.0,0.158
2024-07-18 14:14:54+00:00,btc_mxn,1146180.0,1147990.0,0.158
2024-07-18 14:14:55+00:00,btc_mxn,1146180.0,1147990.0,0.158
2024-07-18 14:14:56+00:00,btc_mxn,1146180.0,1147990.0,0.158
2024-07-18 14:14:57+00:00,btc_mxn,1146180.0,1147990.0,0.158
2024-07-18 14:14:58+00:00,btc_mxn,1146180.0,1147990.0,0.158
2024-07-18 14:14:59+00:00,btc_mxn,1146180.0,1147990.0,0.158
2024-07-18 14:15:00+00:00,btc_mxn,1146180.0,1147990.0,0.158
2024-07-18 14:15:01+00:00,btc_mxn,1146180.0,1147990.0,0.158
2024-07-18 14:15:02+00:00,btc_mxn,1146180.0,1147990.0,0.158
2024-07-18 14:15:04+00:00,btc_mxn,1146180.0,1147990.0,0.158
2024-07-18 14:15:04+00:00,btc_mxn,1146180.0,1147990.0,0.158
2024-07-18 14:15:06+00:00,btc_mxn,1146180.0,1147990.0,0.158
2024-07-18 14:15:07+00:00,btc_mxn,1146180.0,1147990.0,0.158
2024-07-18 14:15:08+00:00,btc_mxn,1146180.0,1147990.0,0.158
2024-07-18 14:15:09+00:00,btc_mxn,1146180.0,1147990.0,0.158
2024-07-18 14:15:10+00:00,btc_mxn,1146180.0,1147990.0,0.158
2024-07-18 14:15:11+00:00,btc_mxn,1146180.0,1147990.0,0.158
2024-07-18 14:15:12+00:00,btc_mxn,1146180.0,1147990.0,0.158
2024-07-18 14:15:13+00:00,btc_mxn,1146180.0,1147990.0,0.158
2024-07-18 14:15:14+00:00,btc_mxn,1146180.0,1147990.0,0.158
2024-07-18 14:15:15+00:00,btc_mxn,1146180.0,1147990.0,0.158
2024-07-18 14:15:16+00:00,btc_mxn,1146180.0,1147900.0,0.15
2024-07-18 14:15:17+00:00,btc_mxn,1146180.0,1147900.0,0.15
2024-07-18 14:15:18+00:00,btc_mxn,1146240.0,1147920.0,0.146
2024-07-18 14:15:19+00:00,btc_mxn,1146240.0,1147920.0,0.146
2024-07-18 14:15:20+00:00,btc_mxn,1146240.0,1147920.0,0.146
2024-07-18 14:15:21+00:00,btc_mxn,1146240.0,1147920.0,0.146
2024-07-18 14:15:22+00:00,btc_mxn,1146240.0,1147920.0,0.146
2024-07-18 14:15:23+00:00,btc_mxn,1146240.0,1147920.0,0.146
2024-07-18 14:15:24+00:00,btc_mxn,1146240.0,1147920.0,0.146
2024-07-18 14:15:25+00:00,btc_mxn,1146240.0,1147920.0,0.146
2024-07-18 14:15:26+00:00,btc_mxn,1146240.0,1147920.0,0.146
2024-07-18 14:15:27+00:00,btc_mxn,1146240.0,1147920.0,0.146
2024-07-18 14:15:28+00:00,btc_mxn,1146240.0,1147920.0,0.146
2024-07-18 14:15:29+00:00,btc_mxn,1146240.0,1147920.0,0.146
2024-07-18 14:15:30+00:00,btc_mxn,1146240.0,1147920.0,0.146
2024-07-18 14:15:31+00:00,btc_mxn,1146240.0,1147920.0,0.146
2024-07-18 14:15:32+00:00,btc_mxn,1146240.0,1147920.0,0.146
2024-07-18 14:15:33+00:00,btc_mxn,1146240.0,1147920.0,0.146
2024-07-18 14:15:34+00:00,btc_mxn,1146240.0,1147920.0,0.146
2024-07-18 14:15:35+00:00,btc_mxn,1146240.0,1147920.0,0.146
2024-07-18 14:15:36+00:00,btc_mxn,1146240.0,1147920.0,0.146
2024-07-18 14:15:37+00:00,btc_mxn,1146240.0,1147920.0,0.146
2024-07-18 14:15:38+00:00,btc_mxn,1146240.0,1147920.0,0.146
2024-07-18 14:15:39+00:00,btc_mxn,1146240.0,1147920.0,0.146
2024-07-18 14:15:40+00:00,btc_mxn,1146240.0,1147920.0,0.146
2024-07-18 14:15:41+00:00,btc_mxn,1146240.0,1147920.0,0.146
2024-07-18 14:15:42+00:00,btc_mxn,1146240.0,1147920.0,0.146
2024-07-18 14:15:43+00:00,btc_mxn,1146240.0,1147920.0,0.146
2024-07-18 14:15:44+00:00,btc_mxn,1146240.0,1147920.0,0.146
2024-07-18 14:15:45+00:00,btc_mxn,1146240.0,1147920.0,0.146
2024-07-18 14:15:46+00:00,btc_mxn,1146240.0,1147920.0,0.146
2024-07-18 14:15:47+00:00,btc_mxn,1146240.0,1147920.0,0.146
2024-07-18 14:15:48+00:00,btc_mxn,1146240.0,1147920.0,0.146
2024-07-18 14:15:49+00:00,btc_mxn,1146240.0,1147920.0,0.146
2024-07-18 14:15:50+00:00,btc_mxn,1146240.0,1147920.0,0.146
2024-07-18 14:15:52+00:00,btc_mxn,1146240.0,1147920.0,0.146
2024-07-18 14:15:52+00:00,btc_mxn,1146240.0,1147920.0,0.146
2024-07-18 14:15:54+00:00,btc_mxn,1146240.0,1147920.0,0.146
2024-07-18 14:15:55+00:00,btc_mxn,1146240.0,1147920.0,0.146
2024-07-18 14:15:56+00:00,btc_mxn,1146240.0,1147920.0,0.146
2024-07-18 14:15:57+00:00,btc_mxn,1146240.0,1147920.0,0.146
2024-07-18 14:15:58+00:00,btc_mxn,1146240.0,1147920.0,0.146
2024-07-18 14:15:59+00:00,btc_mxn,1146240.0,1147920.0,0.146
2024-07-18 14:16:00+00:00,btc_mxn,1146240.0,1147920.0,0.146
2024-07-18 14:16:01+00:00,btc_mxn,1146240.0,1147920.0,0.146
2024-07-18 14:16:02+00:00,btc_mxn,1146280.0,1147920.0,0.143
2024-07-18 14:16:03+00:00,btc_mxn,1146290.0,1147920.0,0.142
2024-07-18 14:16:04+00:00,btc_mxn,1146300.0,1147920.0,0.141
2024-07-18 14:16:05+00:00,btc_mxn,1146300.0,1147920.0,0.141
2024-07-18 14:16:06+00:00,btc_mxn,1146320.0,1147920.0,0.139
2024-07-18 14:16:07+00:00,btc_mxn,1146320.0,1148000.02,0.146
2024-07-18 14:16:08+00:00,btc_mxn,1146329.98,1146330.02,0.0
2024-07-18 14:16:09+00:00,btc_mxn,1146329.98,1146330.02,0.0
2024-07-18 14:16:10+00:00,btc_mxn,1146329.98,1146330.02,0.0
2024-07-18 14:16:11+00:00,btc_mxn,1146329.98,1146330.02,0.0
2024-07-18 14:16:12+00:00,btc_mxn,1146329.98,1146330.02,0.0
2024-07-18 14:16:13+00:00,btc_mxn,1146329.98,1146330.02,0.0
2024-07-18 14:16:14+00:00,btc_mxn,1146329.98,1146330.02,0.0
2024-07-18 14:16:15+00:00,btc_mxn,1146329.98,1146330.02,0.0
2024-07-18 14:16:16+00:00,btc_mxn,1146329.98,1146330.02,0.0
2024-07-18 14:16:17+00:00,btc_mxn,1146329.98,1146330.02,0.0
2024-07-18 14:16:18+00:00,btc_mxn,1146329.98,1146330.02,0.0
2024-07-18 14:16:19+00:00,btc_mxn,1146329.98,1146330.02,0.0
2024-07-18 14:16:20+00:00,btc_mxn,1146329.98,1146330.02,0.0
2024-07-18 14:16:21+00:00,btc_mxn,1146329.98,1146330.02,0.0
2024-07-18 14:16:22+00:00,btc_mxn,1146329.98,1146330.02,0.0
2024-07-18 14:16:23+00:00,btc_mxn,1146329.98,1146330.02,0.0
2024-07-18 14:16:24+00:00,btc_mxn,1146329.98,1146330.02,0.0
2024-07-18 14:16:26+00:00,btc_mxn,1146329.98,1146330.02,0.0
2024-07-18 14:16:26+00:00,btc_mxn,1146329.98,1146330.02,0.0
2024-07-18 14:16:27+00:00,btc_mxn,1146329.98,1146330.02,0.0
2024-07-18 14:16:28+00:00,btc_mxn,1146329.98,1146330.02,0.0
2024-07-18 14:16:29+00:00,btc_mxn,1146329.98,1146330.02,0.0
2024-07-18 14:16:30+00:00,btc_mxn,1146329.98,1146330.02,0.0
2024-07-18 14:16:31+00:00,btc_mxn,1146329.98,1146330.02,0.0
2024-07-18 14:16:32+00:00,btc_mxn,1146329.98,1146330.02,0.0
2024-07-18 14:16:33+00:00,btc_mxn,1146329.98,1146330.02,0.0
2024-07-18 14:16:34+00:00,btc_mxn,1146329.98,1146330.02,0.0
2024-07-18 14:16:35+00:00,btc_mxn,1146329.98,1146330.02,0.0
2024-07-18 14:16:36+00:00,btc_mxn,1146329.98,1146330.02,0.0
2024-07-18 14:16:37+00:00,btc_mxn,1146329.98,1146330.02,0.0
2024-07-18 14:16:38+00:00,btc_mxn,1146329.98,1146330.02,0.0
2024-07-18 14:16:39+00:00,btc_mxn,1146329.98,1146330.02,0.0
2024-07-18 14:16:40+00:00,btc_mxn,1146329.98,1146330.02,0.0
2024-07-18 14:16:41+00:00,btc_mxn,1146329.98,1146330.02,0.0
2024-07-18 14:16:43+00:00,btc_mxn,1146329.98,1146330.02,0.0
2024-07-18 14:16:44+00:00,btc_mxn,1146329.98,1146330.02,0.0
2024-07-18 14:16:45+00:00,btc_mxn,1146329.98,1146330.02,0.0
2024-07-18 14:16:46+00:00,btc_mxn,1146329.98,1146330.02,0.0
2024-07-18 14:16:47+00:00,btc_mxn,1146329.98,1146330.02,0.0
2024-07-18 14:16:48+00:00,btc_mxn,1146329.98,1146330.02,0.0
2024-07-18 14:16:49+00:00,btc_mxn,1146329.98,1146330.02,0.0
2024-07-18 14:16:50+00:00,btc_mxn,1146329.98,1146330.02,0.0
2024-07-18 14:16:51+00:00,btc_mxn,1146329.98,1146330.02,0.0
2024-07-18 14:16:52+00:00,btc_mxn,1146329.98,1146330.02,0.0
2024-07-18 14:16:53+00:00,btc_mxn,1146329.98,1146330.02,0.0
2024-07-18 14:16:54+00:00,btc_mxn,1146329.98,1146330.02,0.0
2024-07-18 14:16:55+00:00,btc_mxn,1146329.98,1146330.02,0.0
2024-07-18 14:16:56+00:00,btc_mxn,1146329.98,1146330.02,0.0
2024-07-18 14:16:57+00:00,btc_mxn,1146329.98,1146330.02,0.0
2024-07-18 14:16:58+00:00,btc_mxn,1146329.98,1146330.02,0.0
2024-07-18 14:16:59+00:00,btc_mxn,1146329.98,1146330.02,0.0
2024-07-18 14:17:00+00:00,btc_mxn,1146329.98,1146330.02,0.0
2024-07-18 14:17:01+00:00,btc_mxn,1146329.98,1146330.02,0.0
2024-07-18 14:17:02+00:00,btc_mxn,1146329.98,1146330.02,0.0
2024-07-18 14:17:03+00:00,btc_mxn,1146329.98,1146330.02,0.0
2024-07-18 14:17:04+00:00,btc_mxn,1146329.98,1146330.02,0.0
2024-07-18 14:17:05+00:00,btc_mxn,1146329.98,1146330.02,0.0
2024-07-18 14:17:06+00:00,btc_mxn,1146329.98,1146330.02,0.0
2024-07-18 14:17:07+00:00,btc_mxn,1146329.98,1146330.02,0.0
2024-07-18 14:17:08+00:00,btc_mxn,1146329.98,1146330.02,0.0
2024-07-18 14:17:09+00:00,btc_mxn,1146329.98,1146330.02,0.0
2024-07-18 14:17:10+00:00,btc_mxn,1146329.98,1146330.02,0.0
2024-07-18 14:17:11+00:00,btc_mxn,1146329.98,1146330.02,0.0
2024-07-18 14:17:12+00:00,btc_mxn,1146329.98,1146330.02,0.0
2024-07-18 14:17:13+00:00,btc_mxn,1146329.98,1146330.02,0.0
2024-07-18 14:17:14+00:00,btc_mxn,1146329.98,1146330.02,0.0
2024-07-18 14:17:15+00:00,btc_mxn,1146329.98,1146330.02,0.0
2024-07-18 14:17:16+00:00,btc_mxn,1146329.98,1146330.02,0.0
2024-07-18 14:17:17+00:00,btc_mxn,1146329.98,1146330.02,0.0
2024-07-18 14:17:18+00:00,btc_mxn,1146329.98,1146330.02,0.0
2024-07-18 14:17:19+00:00,btc_mxn,1146329.98,1146330.02,0.0
2024-07-18 14:17:20+00:00,btc_mxn,1146329.98,1146330.02,0.0
2024-07-18 14:17:21+00:00,btc_mxn,1146329.98,1146330.02,0.0
2024-07-18 14:17:22+00:00,btc_mxn,1146329.98,1146330.02,0.0
2024-07-18 14:17:23+00:00,btc_mxn,1146329.98,1146330.02,0.0
2024-07-18 14:17:24+00:00,btc_mxn,1146329.98,1146330.02,0.0
2024-07-18 14:17:25+00:00,btc_mxn,1146329.98,1146330.02,0.0
2024-07-18 14:17:26+00:00,btc_mxn,1146329.98,1146330.02,0.0
2024-07-18 14:17:27+00:00,btc_mxn,1146329.98,1146330.02,0.0
2024-07-18 14:17:28+00:00,btc_mxn,1146329.98,1146330.02,0.0
2024-07-18 14:17:29+00:00,btc_mxn,1146329.98,1146330.02,0.0
2024-07-18 14:17:30+00:00,btc_mxn,1146329.98,1146330.02,0.0
2024-07-18 14:17:31+00:00,btc_mxn,1146329.98,1146330.02,0.0
2024-07-18 14:17:32+00:00,btc_mxn,1146329.98,1146330.02,0.0
2024-07-18 14:17:33+00:00,btc_mxn,1146329.98,1146330.02,0.0
2024-07-18 14:17:34+00:00,btc_mxn,1146329.98,1146330.02,0.0
2024-07-18 14:17:35+00:00,btc_mxn,1146329.98,1146330.02,0.0
2024-07-18 14:17:36+00:00,btc_mxn,1146329.98,1146330.02,0.0
2024-07-18 14:17:37+00:00,btc_mxn,1146329.98,1146330.02,0.0
2024-07-18 14:17:39+00:00,btc_mxn,1146329.98,1146330.02,0.0
2024-07-18 14:17:40+00:00,btc_mxn,1146329.98,1146330.02,0.0
2024-07-18 14:17:41+00:00,btc_mxn,1146329.98,1146330.02,0.0
2024-07-18 14:17:42+00:00,btc_mxn,1146329.98,1146330.02,0.0
2024-07-18 14:17:43+00:00,btc_mxn,1146329.98,1146330.02,0.0
2024-07-18 14:17:44+00:00,btc_mxn,1146329.98,1146330.02,0.0
2024-07-18 14:17:45+00:00,btc_mxn,1146329.98,1146330.02,0.0
2024-07-18 14:17:46+00:00,btc_mxn,1146329.98,1146330.02,0.0
2024-07-18 14:17:47+00:00,btc_mxn,1146329.98,1146330.02,0.0
2024-07-18 14:17:48+00:00,btc_mxn,1146329.98,1146330.02,0.0
2024-07-18 14:17:49+00:00,btc_mxn,1146329.98,1146330.02,0.0
2024-07-18 14:17:50+00:00,btc_mxn,1146329.98,1146330.02,0.0
2024-07-18 14:17:51+00:00,btc_mxn,1146329.98,1146330.02,0.0
2024-07-18 14:17:52+00:00,btc_mxn,1146329.98,1146330.02,0.0
2024-07-18 14:17:53+00:00,btc_mxn,1146329.98,1146330.02,0.0
2024-07-18 14:17:54+00:00,btc_mxn,1146329.98,1146330.02,0.0
2024-07-18 14:17:55+00:00,btc_mxn,1146329.98,1146330.02,0.0
2024-07-18 14:17:56+00:00,btc_mxn,1146329.98,1146330.02,0.0
2024-07-18 14:17:57+00:00,btc_mxn,1146329.98,1146330.02,0.0
2024-07-18 14:17:58+00:00,btc_mxn,1146329.98,1146330.02,0.0
2024-07-18 14:17:59+00:00,btc_mxn,1146329.98,1146330.02,0.0
2024-07-18 14:18:00+00:00,btc_mxn,1146329.98,1146330.02,0.0
2024-07-18 14:18:01+00:00,btc_mxn,1146329.98,1146330.02,0.0
2024-07-18 14:18:02+00:00,btc_mxn,1146329.98,1146330.02,0.0
2024-07-18 14:18:03+00:00,btc_mxn,1146329.98,1146330.02,0.0
2024-07-18 14:18:04+00:00,btc_mxn,1146329.98,1146330.02,0.0
2024-07-18 14:18:05+00:00,btc_mxn,1146329.98,1146330.02,0.0
2024-07-18 14:18:06+00:00,btc_mxn,1146329.98,1146330.02,0.0
2024-07-18 14:18:07+00:00,btc_mxn,1146329.98,1146330.02,0.0
2024-07-18 14:18:08+00:00,btc_mxn,1146329.98,1146330.02,0.0
2024-07-18 14:18:09+00:00,btc_mxn,1146329.98,1146330.02,0.0
2024-07-18 14:18:10+00:00,btc_mxn,1146329.98,1146330.02,0.0
2024-07-18 14:18:11+00:00,btc_mxn,1146329.98,1146330.02,0.0
2024-07-18 14:18:12+00:00,btc_mxn,1146329.98,1146330.02,0.0
2024-07-18 14:18:13+00:00,btc_mxn,1146329.98,1146330.02,0.0
2024-07-18 14:18:14+00:00,btc_mxn,1146329.98,1146330.02,0.0
2024-07-18 14:18:15+00:00,btc_mxn,1146329.98,1146330.02,0.0
2024-07-18 14:18:16+00:00,btc_mxn,1146329.98,1146330.02,0.0
2024-07-18 14:18:17+00:00,btc_mxn,1146329.98,1146330.02,0.0
2024-07-18 14:18:18+00:00,btc_mxn,1146329.98,1146330.02,0.0
2024-07-18 14:18:19+00:00,btc_mxn,1146329.98,1146330.02,0.0
2024-07-18 14:18:20+00:00,btc_mxn,1146329.98,1146330.02,0.0
2024-07-18 14:18:21+00:00,btc_mxn,1146329.98,1146330.02,0.0
2024-07-18 14:18:22+00:00,btc_mxn,1146329.98,1146330.02,0.0
2024-07-18 14:18:23+00:00,btc_mxn,1146329.98,1146330.02,0.0
2024-07-18 14:18:24+00:00,btc_mxn,1146329.98,1146330.02,0.0
2024-07-18 14:18:25+00:00,btc_mxn,1146329.98,1146330.02,0.0
2024-07-18 14:18:26+00:00,btc_mxn,1146329.98,1146330.02,0.0
2024-07-18 14:18:27+00:00,btc_mxn,1146329.98,1146330.02,0.0
2024-07-18 14:18:28+00:00,btc_mxn,1146329.98,1146330.02,0.0
2024-07-18 14:18:29+00:00,btc_mxn,1146329.98,1146330.02,0.0
2024-07-18 14:18:30+00:00,btc_mxn,1146329.98,1146330.02,0.0
2024-07-18 14:18:31+00:00,btc_mxn,1146329.98,1146330.02,0.0
2024-07-18 14:18:32+00:00,btc_mxn,1146329.98,1146330.02,0.0
2024-07-18 14:18:33+00:00,btc_mxn,1146329.98,1146330.02,0.0
2024-07-18 14:18:34+00:00,btc_mxn,1146329.98,1146330.02,0.0
2024-07-18 14:18:35+00:00,btc_mxn,1146329.98,1146330.02,0.0
2024-07-18 14:18:36+00:00,btc_mxn,1146329.98,1146330.02,0.0
2024-07-18 14:18:38+00:00,btc_mxn,1146329.98,1146330.02,0.0
2024-07-18 14:18:38+00:00,btc_mxn,1146329.98,1146330.02,0.0
2024-07-18 14:18:39+00:00,btc_mxn,1146329.98,1146330.02,0.0
2024-07-18 14:18:40+00:00,btc_mxn,1146329.98,1146330.02,0.0
2024-07-18 14:18:41+00:00,btc_mxn,1146329.98,1146330.02,0.0
2024-07-18 14:18:42+00:00,btc_mxn,1146329.98,1146330.02,0.0
2024-07-18 14:18:44+00:00,btc_mxn,1146329.98,1146330.02,0.0
2024-07-18 14:18:44+00:00,btc_mxn,1146329.98,1146330.02,0.0
2024-07-18 14:18:45+00:00,btc_mxn,1146329.98,1146330.02,0.0
2024-07-18 14:18:46+00:00,btc_mxn,1146329.98,1146330.02,0.0
2024-07-18 14:18:49+00:00,btc_mxn,1146329.98,1146330.02,0.0
2024-07-18 14:18:50+00:00,btc_mxn,1146329.98,1146330.02,0.0
2024-07-18 14:18:51+00:00,btc_mxn,1146329.98,1146330.02,0.0
2024-07-18 14:18:52+00:00,btc_mxn,1146329.98,1146330.02,0.0
2024-07-18 14:18:53+00:00,btc_mxn,1146329.98,1146330.02,0.0
2024-07-18 14:18:53+00:00,btc_mxn,1146329.98,1146330.02,0.0
2024-07-18 14:18:54+00:00,btc_mxn,1146329.98,1146330.02,0.0
2024-07-18 14:18:55+00:00,btc_mxn,1146329.98,1146330.02,0.0
2024-07-18 14:18:56+00:00,btc_mxn,1146329.98,1146330.02,0.0
2024-07-18 14:18:57+00:00,btc_mxn,1146329.98,1146330.02,0.0
2024-07-18 14:18:58+00:00,btc_mxn,1146329.98,1146330.02,0.0
2024-07-18 14:18:59+00:00,btc_mxn,1146329.98,1146330.02,0.0
2024-07-18 14:19:00+00:00,btc_mxn,1146329.98,1146330.02,0.0
2024-07-18 14:19:01+00:00,btc_mxn,1146329.98,1146330.02,0.0
2024-07-18 14:19:02+00:00,btc_mxn,1146329.98,1146330.02,0.0
2024-07-18 14:19:03+00:00,btc_mxn,1146329.98,1146330.02,0.0
2024-07-18 14:19:04+00:00,btc_mxn,1146329.98,1146330.02,0.0
2024-07-18 14:19:05+00:00,btc_mxn,1146329.98,1146330.02,0.0
2024-07-18 14:19:06+00:00,btc_mxn,1146329.98,1146330.02,0.0
2024-07-18 14:19:07+00:00,btc_mxn,1146329.98,1146330.02,0.0
2024-07-18 14:19:08+00:00,btc_mxn,1146329.98,1146330.02,0.0
2024-07-18 14:19:09+00:00,btc_mxn,1146329.98,1146330.02,0.0
2024-07-18 14:19:10+00:00,btc_mxn,1146329.98,1146330.02,0.0
2024-07-18 14:19:11+00:00,btc_mxn,1146329.98,1146330.02,0.0
2024-07-18 14:19:12+00:00,btc_mxn,1146329.98,1146330.02,0.0
2024-07-18 14:19:13+00:00,btc_mxn,1146329.98,1146330.02,0.0
2024-07-18 14:19:14+00:00,btc_mxn,1146329.98,1146330.02,0.0
2024-07-18 14:19:15+00:00,btc_mxn,1146329.98,1146330.02,0.0
2024-07-18 14:19:16+00:00,btc_mxn,1146329.98,1146330.02,0.0
2024-07-18 14:19:17+00:00,btc_mxn,1146329.98,1146330.02,0.0
2024-07-18 14:19:18+00:00,btc_mxn,1146329.98,1146330.02,0.0
2024-07-18 14:19:19+00:00,btc_mxn,1146329.98,1146330.02,0.0
2024-07-18 14:19:20+00:00,btc_mxn,1146329.98,1146330.02,0.0
2024-07-18 14:19:21+00:00,btc_mxn,1146329.98,1146330.02,0.0
2024-07-18 14:19:22+00:00,btc_mxn,1146329.98,1146330.02,0.0
2024-07-18 14:19:23+00:00,btc_mxn,1146329.98,1146330.02,0.0
2024-07-18 14:19:24+00:00,btc_mxn,1146329.98,1146330.02,0.0
2024-07-18 14:19:25+00:00,btc_mxn,1146329.98,1146330.02,0.0
2024-07-18 14:19:26+00:00,btc_mxn,1146329.98,1146330.02,0.0
2024-07-18 14:19:27+00:00,btc_mxn,1146329.98,1146330.02,0.0
2024-07-18 14:19:28+00:00,btc_mxn,1146329.98,1146330.02,0.0
2024-07-18 14:19:29+00:00,btc_mxn,1146329.98,1146330.02,0.0
2024-07-18 14:19:30+00:00,btc_mxn,1146329.98,1146330.02,0.0
2024-07-18 14:19:31+00:00,btc_mxn,1146329.98,1146330.02,0.0
2024-07-18 14:19:32+00:00,btc_mxn,1146329.98,1146330.02,0.0
2024-07-18 14:19:33+00:00,btc_mxn,1146329.98,1146330.02,0.0
2024-07-18 14:19:35+00:00,btc_mxn,1146329.98,1146330.02,0.0
2024-07-18 14:19:36+00:00,btc_mxn,1146329.98,1146330.02,0.0
2024-07-18 14:19:36+00:00,btc_mxn,1146329.98,1146330.02,0.0
2024-07-18 14:19:38+00:00,btc_mxn,1146329.98,1146330.02,0.0
2024-07-18 14:19:39+00:00,btc_mxn,1146329.98,1146330.02,0.0
2024-07-18 14:19:40+00:00,btc_mxn,1146329.98,1146330.02,0.0
2024-07-18 14:19:41+00:00,btc_mxn,1146329.98,1146330.02,0.0
2024-07-18 14:19:42+00:00,btc_mxn,1146329.98,1146330.02,0.0
2024-07-18 14:19:43+00:00,btc_mxn,1146329.98,1146330.02,0.0
2024-07-18 14:19:44+00:00,btc_mxn,1146329.98,1146330.02,0.0
2024-07-18 14:19:45+00:00,btc_mxn,1146329.98,1146330.02,0.0
2024-07-18 14:19:46+00:00,btc_mxn,1146329.98,1146330.02,0.0
2024-07-18 14:19:47+00:00,btc_mxn,1146329.98,1146330.02,0.0
2024-07-18 14:19:48+00:00,btc_mxn,1146329.98,1146330.02,0.0
2024-07-18 14:19:49+00:00,btc_mxn,1146329.98,1146330.02,0.0
2024-07-18 14:19:50+00:00,btc_mxn,1146329.98,1146330.02,0.0
2024-07-18 14:19:51+00:00,btc_mxn,1146329.98,1146330.02,0.0
2024-07-18 14:19:52+00:00,btc_mxn,1146329.98,1146330.02,0.0
2024-07-18 14:19:53+00:00,btc_mxn,1146329.98,1146330.02,0.0
2024-07-18 14:19:54+00:00,btc_mxn,1146329.98,1146330.02,0.0
2024-07-18 14:19:55+00:00,btc_mxn,1146329.98,1146330.02,0.0
2024-07-18 14:19:56+00:00,btc_mxn,1146329.98,1146330.02,0.0
2024-07-18 14:19:57+00:00,btc_mxn,1146329.98,1146330.02,0.0
2024-07-18 14:19:58+00:00,btc_mxn,1146329.98,1146330.02,0.0
2024-07-18 14:19:59+00:00,btc_mxn,1146329.98,1146330.02,0.0
2024-07-18 14:20:00+00:00,btc_mxn,1146329.98,1146330.02,0.0
2024-07-18 14:20:01+00:00,btc_mxn,1146329.98,1146330.02,0.0
2024-07-18 14:20:02+00:00,btc_mxn,1146329.98,1146330.02,0.0
2024-07-18 14:20:03+00:00,btc_mxn,1146329.98,1146330.02,0.0
2024-07-18 14:20:04+00:00,btc_mxn,1146329.98,1146330.02,0.0
2024-07-18 14:20:05+00:00,btc_mxn,1146329.98,1146330.02,0.0
2024-07-18 14:20:06+00:00,btc_mxn,1146329.98,1146330.02,0.0
2024-07-18 14:20:07+00:00,btc_mxn,1146329.98,1146330.02,0.0
2024-07-18 14:20:08+00:00,btc_mxn,1146329.98,1146330.02,0.0
2024-07-18 14:20:09+00:00,btc_mxn,1146329.98,1146330.02,0.0
2024-07-18 14:20:10+00:00,btc_mxn,1146329.98,1146330.02,0.0
2024-07-18 14:20:11+00:00,btc_mxn,1146329.98,1146330.02,0.0
2024-07-18 14:20:12+00:00,btc_mxn,1146329.98,1146330.02,0.0
2024-07-18 14:20:13+00:00,btc_mxn,1146329.98,1146330.02,0.0
2024-07-18 14:20:14+00:00,btc_mxn,1146329.98,1146330.02,0.0
2024-07-18 14:20:15+00:00,btc_mxn,1146329.98,1146330.02,0.0
2024-07-18 14:20:16+00:00,btc_mxn,1146329.98,1146330.02,0.0
2024-07-18 14:20:17+00:00,btc_mxn,1146329.98,1146330.02,0.0
2024-07-18 14:20:18+00:00,btc_mxn,1146329.98,1146330.02,0.0
2024-07-18 14:20:19+00:00,btc_mxn,1146329.98,1146330.02,0.0
2024-07-18 14:20:20+00:00,btc_mxn,1146329.98,1146330.02,0.0
2024-07-18 14:20:21+00:00,btc_mxn,1146329.98,1146330.02,0.0
2024-07-18 14:20:22+00:00,btc_mxn,1146329.98,1146330.02,0.0
2024-07-18 14:20:23+00:00,btc_mxn,1146329.98,1146330.02,0.0
2024-07-18 14:20:24+00:00,btc_mxn,1146329.98,1146330.02,0.0
2024-07-18 14:20:25+00:00,btc_mxn,1146329.98,1146330.02,0.0
2024-07-18 14:20:26+00:00,btc_mxn,1146329.98,1146330.02,0.0
2024-07-18 14:20:27+00:00,btc_mxn,1146329.98,1146330.02,0.0
2024-07-18 14:20:28+00:00,btc_mxn,1146329.98,1146330.02,0.0
2024-07-18 14:20:29+00:00,btc_mxn,1146329.98,1146330.02,0.0
2024-07-18 14:20:30+00:00,btc_mxn,1146329.98,1146330.02,0.0
2024-07-18 14:20:31+00:00,btc_mxn,1146329.98,1146330.02,0.0
2024-07-18 14:20:32+00:00,btc_mxn,1146329.98,1146330.02,0.0
2024-07-18 14:20:33+00:00,btc_mxn,1146329.98,1146330.02,0.0
2024-07-18 14:20:34+00:00,btc_mxn,1146329.98,1146330.02,0.0
2024-07-18 14:20:35+00:00,btc_mxn,1146329.98,1146330.02,0.0
2024-07-18 14:20:36+00:00,btc_mxn,1146329.98,1146330.02,0.0
2024-07-18 14:20:37+00:00,btc_mxn,1146329.98,1146330.02,0.0
2024-07-18 14:20:38+00:00,btc_mxn,1146329.98,1146330.02,0.0
2024-07-18 14:20:39+00:00,btc_mxn,1146329.98,1146330.02,0.0
2024-07-18 14:20:40+00:00,btc_mxn,1146329.98,1146330.02,0.0
2024-07-18 14:20:41+00:00,btc_mxn,1146329.98,1146330.02,0.0
2024-07-18 14:20:43+00:00,btc_mxn,1146329.98,1146330.02,0.0
2024-07-18 14:20:44+00:00,btc_mxn,1146329.98,1146330.02,0.0
2024-07-18 14:20:45+00:00,btc_mxn,1146329.98,1146330.02,0.0
2024-07-18 14:20:46+00:00,btc_mxn,1146329.98,1146330.02,0.0
2024-07-18 14:20:47+00:00,btc_mxn,1146329.98,1146330.02,0.0
2024-07-18 14:20:48+00:00,btc_mxn,1146329.98,1146330.02,0.0
2024-07-18 14:20:49+00:00,btc_mxn,1146329.98,1146330.02,0.0
2024-07-18 14:20:50+00:00,btc_mxn,1146329.98,1146330.02,0.0
2024-07-18 14:20:51+00:00,btc_mxn,1146329.98,1146330.02,0.0
2024-07-18 14:20:52+00:00,btc_mxn,1146329.98,1146330.02,0.0
2024-07-18 14:20:53+00:00,btc_mxn,1146329.98,1146330.02,0.0
2024-07-18 14:20:54+00:00,btc_mxn,1146329.98,1146330.02,0.0
2024-07-18 14:20:55+00:00,btc_mxn,1146329.98,1146330.02,0.0
2024-07-18 14:20:56+00:00,btc_mxn,1146329.98,1146330.02,0.0
2024-07-18 14:20:57+00:00,btc_mxn,1146329.98,1146330.02,0.0
2024-07-18 14:20:58+00:00,btc_mxn,1146329.98,1146330.02,0.0
2024-07-18 14:20:59+00:00,btc_mxn,1146329.98,1146330.02,0.0
2024-07-18 14:21:00+00:00,btc_mxn,1146329.98,1146330.02,0.0
2024-07-18 14:21:01+00:00,btc_mxn,1146329.98,1146330.02,0.0
2024-07-18 14:21:02+00:00,btc_mxn,1146329.98,1146330.02,0.0
2024-07-18 14:21:03+00:00,btc_mxn,1146329.98,1146330.02,0.0
2024-07-18 14:21:04+00:00,btc_mxn,1146329.98,1146330.02,0.0
2024-07-18 14:21:05+00:00,btc_mxn,1146329.98,1146330.02,0.0
2024-07-18 14:21:06+00:00,btc_mxn,1146329.98,1146330.02,0.0
2024-07-18 14:21:07+00:00,btc_mxn,1146329.98,1146330.02,0.0
2024-07-18 14:21:08+00:00,btc_mxn,1143450.0,1143230.02,-0.019
2024-07-18 14:21:09+00:00,btc_mxn,1143229.98,1143230.02,0.0
2024-07-18 14:21:10+00:00,btc_mxn,1143229.98,1143230.02,0.0
2024-07-18 14:21:11+00:00,btc_mxn,1143229.98,1143230.02,0.0
2024-07-18 14:21:12+00:00,btc_mxn,1143229.98,1143230.02,0.0
2024-07-18 14:21:13+00:00,btc_mxn,1143229.98,1143230.02,0.0
2024-07-18 14:21:14+00:00,btc_mxn,1143229.98,1143230.02,0.0
2024-07-18 14:21:15+00:00,btc_mxn,1143229.98,1143230.02,0.0
2024-07-18 14:21:16+00:00,btc_mxn,1143229.98,1143230.02,0.0
2024-07-18 14:21:17+00:00,btc_mxn,1143229.98,1143230.02,0.0
2024-07-18 14:21:18+00:00,btc_mxn,1143229.98,1143230.02,0.0
2024-07-18 14:21:19+00:00,btc_mxn,1143229.98,1143230.02,0.0
2024-07-18 14:21:20+00:00,btc_mxn,1143229.98,1143230.02,0.0
2024-07-18 14:21:21+00:00,btc_mxn,1143229.98,1143230.02,0.0
2024-07-18 14:21:22+00:00,btc_mxn,1143229.98,1143230.02,0.0
2024-07-18 14:21:23+00:00,btc_mxn,1143229.98,1143230.02,0.0
2024-07-18 14:21:24+00:00,btc_mxn,1143229.98,1143230.02,0.0
2024-07-18 14:21:25+00:00,btc_mxn,1143229.98,1143230.02,0.0
2024-07-18 14:21:26+00:00,btc_mxn,1143229.98,1143230.02,0.0
2024-07-18 14:21:27+00:00,btc_mxn,1143229.98,1143230.02,0.0
2024-07-18 14:21:28+00:00,btc_mxn,1143229.98,1143230.02,0.0
2024-07-18 14:21:29+00:00,btc_mxn,1143229.98,1143230.02,0.0
2024-07-18 14:21:30+00:00,btc_mxn,1143229.98,1143230.02,0.0
2024-07-18 14:21:31+00:00,btc_mxn,1143229.98,1143230.02,0.0
2024-07-18 14:21:32+00:00,btc_mxn,1143229.98,1143230.02,0.0
2024-07-18 14:21:34+00:00,btc_mxn,1143229.98,1143230.02,0.0
2024-07-18 14:21:35+00:00,btc_mxn,1143229.98,1143230.02,0.0
2024-07-18 14:21:36+00:00,btc_mxn,1143229.98,1143230.02,0.0
2024-07-18 14:21:37+00:00,btc_mxn,1143229.98,1143230.02,0.0
2024-07-18 14:21:38+00:00,btc_mxn,1143229.98,1143230.02,0.0
2024-07-18 14:21:39+00:00,btc_mxn,1143229.98,1143230.02,0.0
2024-07-18 14:21:40+00:00,btc_mxn,1143229.98,1143230.02,0.0
2024-07-18 14:21:41+00:00,btc_mxn,1143229.98,1143230.02,0.0
2024-07-18 14:21:42+00:00,btc_mxn,1143229.98,1143230.02,0.0
2024-07-18 14:21:43+00:00,btc_mxn,1143229.98,1143230.02,0.0
2024-07-18 14:21:44+00:00,btc_mxn,1143229.98,1143230.02,0.0
2024-07-18 14:21:45+00:00,btc_mxn,1143229.98,1143230.02,0.0
2024-07-18 14:21:46+00:00,btc_mxn,1143229.98,1143230.02,0.0
2024-07-18 14:21:47+00:00,btc_mxn,1143229.98,1143230.02,0.0
2024-07-18 14:21:48+00:00,btc_mxn,1143229.98,1143230.02,0.0
2024-07-18 14:21:49+00:00,btc_mxn,1143229.98,1143230.02,0.0
2024-07-18 14:21:50+00:00,btc_mxn,1143229.98,1143230.02,0.0
2024-07-18 14:21:51+00:00,btc_mxn,1143229.98,1143230.02,0.0
2024-07-18 14:21:52+00:00,btc_mxn,1143229.98,1143230.02,0.0
2024-07-18 14:21:53+00:00,btc_mxn,1143229.98,1143230.02,0.0
2024-07-18 14:21:54+00:00,btc_mxn,1143229.98,1143230.02,0.0
2024-07-18 14:21:55+00:00,btc_mxn,1143229.98,1143230.02,0.0
2024-07-18 14:21:56+00:00,btc_mxn,1143229.98,1143230.02,0.0
2024-07-18 14:21:57+00:00,btc_mxn,1143229.98,1143230.02,0.0
2024-07-18 14:21:58+00:00,btc_mxn,1143229.98,1143230.02,0.0
2024-07-18 14:21:59+00:00,btc_mxn,1143229.98,1143230.02,0.0
2024-07-18 14:22:00+00:00,btc_mxn,1143229.98,1143230.02,0.0
2024-07-18 14:22:01+00:00,btc_mxn,1143229.98,1143230.02,0.0
2024-07-18 14:22:02+00:00,btc_mxn,1143229.98,1143230.02,0.0
2024-07-18 14:22:03+00:00,btc_mxn,1143229.98,1143230.02,0.0
2024-07-18 14:22:04+00:00,btc_mxn,1143229.98,1143230.02,0.0
2024-07-18 14:22:05+00:00,btc_mxn,1143229.98,1143230.02,0.0
2024-07-18 14:22:06+00:00,btc_mxn,1143229.98,1143230.02,0.0
2024-07-18 14:22:07+00:00,btc_mxn,1143229.98,1143230.02,0.0
2024-07-18 14:22:08+00:00,btc_mxn,1143229.98,1143230.02,0.0
2024-07-18 14:22:09+00:00,btc_mxn,1143229.98,1143230.02,0.0
2024-07-18 14:22:10+00:00,btc_mxn,1143229.98,1143230.02,0.0
2024-07-18 14:22:11+00:00,btc_mxn,1143229.98,1143230.02,0.0
2024-07-18 14:22:12+00:00,btc_mxn,1143229.98,1143230.02,0.0
2024-07-18 14:22:13+00:00,btc_mxn,1143229.98,1143230.02,0.0
2024-07-18 14:22:14+00:00,btc_mxn,1143229.98,1143230.02,0.0
2024-07-18 14:22:15+00:00,btc_mxn,1143229.98,1143230.02,0.0
2024-07-18 14:22:16+00:00,btc_mxn,1143229.98,1143230.02,0.0
2024-07-18 14:22:17+00:00,btc_mxn,1143229.98,1143230.02,0.0
2024-07-18 14:22:18+00:00,btc_mxn,1143229.98,1143230.02,0.0
2024-07-18 14:22:19+00:00,btc_mxn,1143229.98,1143230.02,0.0
2024-07-18 14:22:20+00:00,btc_mxn,1143229.98,1143230.02,0.0
2024-07-18 14:22:21+00:00,btc_mxn,1143229.98,1143230.02,0.0
2024-07-18 14:22:22+00:00,btc_mxn,1143229.98,1143230.02,0.0
2024-07-18 14:22:23+00:00,btc_mxn,1143229.98,1143230.02,0.0
2024-07-18 14:22:24+00:00,btc_mxn,1143229.98,1143230.02,0.0
2024-07-18 14:22:25+00:00,btc_mxn,1143229.98,1143230.02,0.0
2024-07-18 14:22:27+00:00,btc_mxn,1143229.98,1143230.02,0.0
2024-07-18 14:22:28+00:00,btc_mxn,1143229.98,1143230.02,0.0
2024-07-18 14:22:29+00:00,btc_mxn,1143229.98,1143230.02,0.0
2024-07-18 14:22:30+00:00,btc_mxn,1143229.98,1143230.02,0.0
2024-07-18 14:22:31+00:00,btc_mxn,1143229.98,1143230.02,0.0
2024-07-18 14:22:32+00:00,btc_mxn,1143229.98,1143230.02,0.0
2024-07-18 14:22:33+00:00,btc_mxn,1143229.98,1143230.02,0.0
2024-07-18 14:22:34+00:00,btc_mxn,1143229.98,1143230.02,0.0
2024-07-18 14:22:35+00:00,btc_mxn,1143229.98,1143230.02,0.0
