orderbook_timestamp,book,bid,ask,spread
2024-07-18 16:45:25+00:00,btc_mxn,1135850.0,1138090.0,0.197
2024-07-18 16:45:26+00:00,btc_mxn,1135850.0,1138090.0,0.197
2024-07-18 16:45:27+00:00,btc_mxn,1135850.0,1138090.0,0.197
2024-07-18 16:45:28+00:00,btc_mxn,1135850.0,1138090.0,0.197
2024-07-18 16:45:29+00:00,btc_mxn,1135850.0,1138090.0,0.197
2024-07-18 16:45:30+00:00,btc_mxn,1135850.0,1138090.0,0.197
2024-07-18 16:45:31+00:00,btc_mxn,1135850.0,1138090.0,0.197
2024-07-18 16:45:32+00:00,btc_mxn,1135850.0,1138090.0,0.197
2024-07-18 16:45:33+00:00,btc_mxn,1135850.0,1138090.0,0.197
2024-07-18 16:45:34+00:00,btc_mxn,1135850.0,1138090.0,0.197
2024-07-18 16:45:35+00:00,btc_mxn,1135850.0,1138090.0,0.197
2024-07-18 16:45:36+00:00,btc_mxn,1135850.0,1138090.0,0.197
2024-07-18 16:45:37+00:00,btc_mxn,1135850.0,1138090.0,0.197
2024-07-18 16:45:38+00:00,btc_mxn,1135850.0,1138090.0,0.197
2024-07-18 16:45:39+00:00,btc_mxn,1135850.0,1138090.0,0.197
2024-07-18 16:45:40+00:00,btc_mxn,1135850.0,1138090.0,0.197
2024-07-18 16:45:41+00:00,btc_mxn,1135850.0,1138090.0,0.197
2024-07-18 16:45:42+00:00,btc_mxn,1135850.0,1138090.0,0.197
2024-07-18 16:45:43+00:00,btc_mxn,1135850.0,1138090.0,0.197
2024-07-18 16:45:44+00:00,btc_mxn,1135850.0,1138090.0,0.197
2024-07-18 16:45:45+00:00,btc_mxn,1135850.0,1138090.0,0.197
2024-07-18 16:45:46+00:00,btc_mxn,1135850.0,1138090.0,0.197
2024-07-18 16:45:47+00:00,btc_mxn,1135850.0,1138090.0,0.197
2024-07-18 16:45:48+00:00,btc_mxn,1135850.0,1138090.0,0.197
2024-07-18 16:45:49+00:00,btc_mxn,1135850.0,1138090.0,0.197
2024-07-18 16:45:50+00:00,btc_mxn,1135850.0,1138090.0,0.197
2024-07-18 16:45:51+00:00,btc_mxn,1135850.0,1138090.0,0.197
2024-07-18 16:45:52+00:00,btc_mxn,1135850.0,1138090.0,0.197
2024-07-18 16:45:53+00:00,btc_mxn,1135850.0,1138090.0,0.197
2024-07-18 16:45:54+00:00,btc_mxn,1135850.0,1138090.0,0.197
2024-07-18 16:45:55+00:00,btc_mxn,1135850.0,1138090.0,0.197
2024-07-18 16:45:56+00:00,btc_mxn,1135770.0,1138240.0,0.217
2024-07-18 16:45:58+00:00,btc_mxn,1135770.0,1138240.0,0.217
2024-07-18 16:45:59+00:00,btc_mxn,1135770.0,1138240.0,0.217
2024-07-18 16:46:00+00:00,btc_mxn,1135640.0,1138240.0,0.228
2024-07-18 16:46:01+00:00,btc_mxn,1135640.0,1138950.0,0.291
2024-07-18 16:46:02+00:00,btc_mxn,1135640.0,1138930.0,0.289
2024-07-18 16:46:03+00:00,btc_mxn,1135830.0,1138930.0,0.272
2024-07-18 16:46:04+00:00,btc_mxn,1135830.0,1138930.0,0.272
2024-07-18 16:46:05+00:00,btc_mxn,1138959.98,1138960.0,0.0
2024-07-18 16:46:06+00:00,btc_mxn,1138959.98,1138960.02,0.0
2024-07-18 16:46:07+00:00,btc_mxn,1138959.98,1138960.02,0.0
2024-07-18 16:46:08+00:00,btc_mxn,1138959.98,1138960.02,0.0
2024-07-18 16:46:09+00:00,btc_mxn,1138959.98,1138960.02,0.0
2024-07-18 16:46:10+00:00,btc_mxn,1138959.98,1138960.02,0.0
2024-07-18 16:46:11+00:00,btc_mxn,1138959.98,1138960.02,0.0
2024-07-18 16:46:12+00:00,btc_mxn,1138959.98,1138960.02,0.0
2024-07-18 16:46:13+00:00,btc_mxn,1138959.98,1138960.02,0.0
2024-07-18 16:46:14+00:00,btc_mxn,1138959.98,1138960.02,0.0
2024-07-18 16:46:15+00:00,btc_mxn,1138959.98,1138960.02,0.0
2024-07-18 16:46:16+00:00,btc_mxn,1138959.98,1138960.02,0.0
2024-07-18 16:46:17+00:00,btc_mxn,1138959.98,1138960.02,0.0
2024-07-18 16:46:18+00:00,btc_mxn,1138959.98,1138960.02,0.0
2024-07-18 16:46:19+00:00,btc_mxn,1138959.98,1138960.02,0.0
2024-07-18 16:46:20+00:00,btc_mxn,1138959.98,1138960.0,0.0
2024-07-18 16:46:21+00:00,btc_mxn,1138959.98,1138960.0,0.0
2024-07-18 16:46:22+00:00,btc_mxn,1138959.98,1138960.0,0.0
2024-07-18 16:46:23+00:00,btc_mxn,1138959.98,1138960.0,0.0
2024-07-18 16:46:24+00:00,btc_mxn,1138959.98,1138960.02,0.0
2024-07-18 16:46:25+00:00,btc_mxn,1138959.98,1138960.02,0.0
2024-07-18 16:46:26+00:00,btc_mxn,1138959.98,1138960.02,0.0
2024-07-18 16:46:27+00:00,btc_mxn,1138959.98,1138960.02,0.0
2024-07-18 16:46:28+00:00,btc_mxn,1138959.98,1138960.02,0.0
2024-07-18 16:46:29+00:00,btc_mxn,1138959.98,1138960.02,0.0
2024-07-18 16:46:30+00:00,btc_mxn,1138959.98,1138960.0,0.0
2024-07-18 16:46:31+00:00,btc_mxn,1138959.98,1138960.02,0.0
2024-07-18 16:46:32+00:00,btc_mxn,1138959.98,1138960.02,0.0
2024-07-18 16:46:33+00:00,btc_mxn,1138959.98,1138960.02,0.0
2024-07-18 16:46:34+00:00,btc_mxn,1138959.98,1138960.02,0.0
2024-07-18 16:46:35+00:00,btc_mxn,1138959.98,1138960.02,0.0
2024-07-18 16:46:36+00:00,btc_mxn,1138959.98,1138960.02,0.0
2024-07-18 16:46:37+00:00,btc_mxn,1138959.98,1138960.02,0.0
2024-07-18 16:46:38+00:00,btc_mxn,1138959.98,1138960.02,0.0
2024-07-18 16:46:39+00:00,btc_mxn,1138959.98,1138960.02,0.0
2024-07-18 16:46:40+00:00,btc_mxn,1138959.98,1138960.02,0.0
2024-07-18 16:46:41+00:00,btc_mxn,1138959.98,1138960.02,0.0
2024-07-18 16:46:42+00:00,btc_mxn,1138959.98,1138960.02,0.0
2024-07-18 16:46:43+00:00,btc_mxn,1138959.98,1138960.02,0.0
2024-07-18 16:46:44+00:00,btc_mxn,1138959.98,1138960.02,0.0
2024-07-18 16:46:45+00:00,btc_mxn,1138959.98,1138960.02,0.0
2024-07-18 16:46:46+00:00,btc_mxn,1138959.98,1138960.02,0.0
2024-07-18 16:46:47+00:00,btc_mxn,1138959.98,1138960.02,0.0
2024-07-18 16:46:48+00:00,btc_mxn,1138959.98,1138960.02,0.0
2024-07-18 16:46:49+00:00,btc_mxn,1138959.98,1138960.02,0.0
2024-07-18 16:46:50+00:00,btc_mxn,1138959.98,1138960.02,0.0
2024-07-18 16:46:51+00:00,btc_mxn,1138959.98,1138960.02,0.0
2024-07-18 16:46:52+00:00,btc_mxn,1138959.98,1138960.02,0.0
2024-07-18 16:46:53+00:00,btc_mxn,1138959.98,1138960.02,0.0
2024-07-18 16:46:54+00:00,btc_mxn,1138959.98,1138960.02,0.0
2024-07-18 16:46:55+00:00,btc_mxn,1138959.98,1138960.02,0.0
2024-07-18 16:46:56+00:00,btc_mxn,1138959.98,1138960.02,0.0
2024-07-18 16:46:57+00:00,btc_mxn,1138959.98,1138960.02,0.0
2024-07-18 16:46:58+00:00,btc_mxn,1138959.98,1138960.02,0.0
2024-07-18 16:46:59+00:00,btc_mxn,1138959.98,1138960.02,0.0
2024-07-18 16:47:00+00:00,btc_mxn,1138959.98,1138960.02,0.0
2024-07-18 16:47:01+00:00,btc_mxn,1138959.98,1138960.02,0.0
2024-07-18 16:47:02+00:00,btc_mxn,1138959.98,1138960.02,0.0
2024-07-18 16:47:03+00:00,btc_mxn,1138959.98,1138960.02,0.0
2024-07-18 16:47:04+00:00,btc_mxn,1138959.98,1138960.02,0.0
2024-07-18 16:47:06+00:00,btc_mxn,1138959.98,1138960.02,0.0
2024-07-18 16:47:07+00:00,btc_mxn,1138959.98,1138960.02,0.0
2024-07-18 16:47:07+00:00,btc_mxn,1138959.98,1138960.02,0.0
2024-07-18 16:47:09+00:00,btc_mxn,1138959.98,1138960.02,0.0
2024-07-18 16:47:10+00:00,btc_mxn,1138959.98,1138960.02,0.0
2024-07-18 16:47:11+00:00,btc_mxn,1138959.98,1138960.02,0.0
2024-07-18 16:47:12+00:00,btc_mxn,1138959.98,1138960.02,0.0
2024-07-18 16:47:13+00:00,btc_mxn,1138959.98,1138960.02,0.0
2024-07-18 16:47:14+00:00,btc_mxn,1138959.98,1138960.02,0.0
2024-07-18 16:47:15+00:00,btc_mxn,1138959.98,1138960.02,0.0
2024-07-18 16:47:16+00:00,btc_mxn,1138959.98,1138960.02,0.0
2024-07-18 16:47:17+00:00,btc_mxn,1138959.98,1138960.02,0.0
2024-07-18 16:47:18+00:00,btc_mxn,1138959.98,1138960.02,0.0
2024-07-18 16:47:19+00:00,btc_mxn,1138959.98,1138960.02,0.0
2024-07-18 16:47:20+00:00,btc_mxn,1138959.98,1138960.02,0.0
2024-07-18 16:47:21+00:00,btc_mxn,1138959.98,1138960.02,0.0
2024-07-18 16:47:22+00:00,btc_mxn,1138959.98,1138960.02,0.0
2024-07-18 16:47:23+00:00,btc_mxn,1138959.98,1138960.02,0.0
2024-07-18 16:47:24+00:00,btc_mxn,1138959.98,1138960.02,0.0
2024-07-18 16:47:25+00:00,btc_mxn,1138959.98,1138960.02,0.0
2024-07-18 16:47:26+00:00,btc_mxn,1138959.98,1138960.02,0.0
2024-07-18 16:47:27+00:00,btc_mxn,1138959.98,1138960.02,0.0
2024-07-18 16:47:28+00:00,btc_mxn,1138959.98,1138960.02,0.0
2024-07-18 16:47:29+00:00,btc_mxn,1138959.98,1138960.02,0.0
2024-07-18 16:47:30+00:00,btc_mxn,1138959.98,1138960.02,0.0
2024-07-18 16:47:31+00:00,btc_mxn,1138959.98,1138960.02,0.0
2024-07-18 16:47:32+00:00,btc_mxn,1138959.98,1138960.02,0.0
2024-07-18 16:47:33+00:00,btc_mxn,1138959.98,1138960.02,0.0
2024-07-18 16:47:34+00:00,btc_mxn,1138959.98,1138960.02,0.0
2024-07-18 16:47:35+00:00,btc_mxn,1138959.98,1138960.02,0.0
2024-07-18 16:47:36+00:00,btc_mxn,1138959.98,1138960.02,0.0
2024-07-18 16:47:37+00:00,btc_mxn,1138959.98,1138960.02,0.0
2024-07-18 16:47:38+00:00,btc_mxn,1138959.98,1138960.02,0.0
2024-07-18 16:47:39+00:00,btc_mxn,1138959.98,1138960.02,0.0
2024-07-18 16:47:40+00:00,btc_mxn,1138959.98,1138960.02,0.0
2024-07-18 16:47:41+00:00,btc_mxn,1138959.98,1138960.02,0.0
2024-07-18 16:47:42+00:00,btc_mxn,1138959.98,1138960.02,0.0
2024-07-18 16:47:43+00:00,btc_mxn,1138959.98,1138960.02,0.0
2024-07-18 16:47:44+00:00,btc_mxn,1138959.98,1138960.02,0.0
2024-07-18 16:47:45+00:00,btc_mxn,1138959.98,1138960.02,0.0
2024-07-18 16:47:46+00:00,btc_mxn,1138959.98,1138960.02,0.0
2024-07-18 16:47:47+00:00,btc_mxn,1138959.98,1138960.02,0.0
2024-07-18 16:47:48+00:00,btc_mxn,1138959.98,1138960.02,0.0
2024-07-18 16:47:49+00:00,btc_mxn,1138959.98,1138960.02,0.0
2024-07-18 16:47:50+00:00,btc_mxn,1138959.98,1138960.02,0.0
2024-07-18 16:47:51+00:00,btc_mxn,1138959.98,1138960.02,0.0
2024-07-18 16:47:52+00:00,btc_mxn,1138959.98,1138960.02,0.0
2024-07-18 16:47:53+00:00,btc_mxn,1138959.98,1138960.02,0.0
2024-07-18 16:47:54+00:00,btc_mxn,1138959.98,1138960.02,0.0
2024-07-18 16:47:55+00:00,btc_mxn,1138959.98,1138960.02,0.0
2024-07-18 16:47:56+00:00,btc_mxn,1138959.98,1138960.02,0.0
2024-07-18 16:47:57+00:00,btc_mxn,1138959.98,1138960.02,0.0
2024-07-18 16:47:58+00:00,btc_mxn,1138959.98,1138960.02,0.0
2024-07-18 16:47:59+00:00,btc_mxn,1138959.98,1138960.02,0.0
2024-07-18 16:48:00+00:00,btc_mxn,1138959.98,1138960.02,0.0
2024-07-18 16:48:02+00:00,btc_mxn,1138959.98,1138960.02,0.0
2024-07-18 16:48:02+00:00,btc_mxn,1138959.98,1138960.02,0.0
2024-07-18 16:48:03+00:00,btc_mxn,1138959.98,1138960.02,0.0
2024-07-18 16:48:04+00:00,btc_mxn,1138959.98,1138960.02,0.0
2024-07-18 16:48:06+00:00,btc_mxn,1138959.98,1138960.02,0.0
2024-07-18 16:48:07+00:00,btc_mxn,1138959.98,1138960.02,0.0
2024-07-18 16:48:07+00:00,btc_mxn,1138959.98,1138960.02,0.0
2024-07-18 16:48:09+00:00,btc_mxn,1138959.98,1138960.02,0.0
2024-07-18 16:48:09+00:00,btc_mxn,1138959.98,1138960.02,0.0
2024-07-18 16:48:10+00:00,btc_mxn,1138959.98,1138960.02,0.0
2024-07-18 16:48:12+00:00,btc_mxn,1138959.98,1138960.02,0.0
2024-07-18 16:48:13+00:00,btc_mxn,1138959.98,1138960.02,0.0
2024-07-18 16:48:14+00:00,btc_mxn,1138959.98,1138960.02,0.0
2024-07-18 16:48:15+00:00,btc_mxn,1138959.98,1138960.02,0.0
2024-07-18 16:48:16+00:00,btc_mxn,1138959.98,1138960.02,0.0
2024-07-18 16:48:17+00:00,btc_mxn,1138959.98,1138960.02,0.0
2024-07-18 16:48:18+00:00,btc_mxn,1138959.98,1138960.02,0.0
2024-07-18 16:48:19+00:00,btc_mxn,1138959.98,1138960.02,0.0
2024-07-18 16:48:20+00:00,btc_mxn,1138959.98,1138960.02,0.0
2024-07-18 16:48:21+00:00,btc_mxn,1138959.98,1138960.02,0.0
2024-07-18 16:48:22+00:00,btc_mxn,1138959.98,1138960.02,0.0
2024-07-18 16:48:23+00:00,btc_mxn,1138959.98,1138960.02,0.0
2024-07-18 16:48:24+00:00,btc_mxn,1138959.98,1138960.02,0.0
2024-07-18 16:48:25+00:00,btc_mxn,1138959.98,1138960.02,0.0
2024-07-18 16:48:26+00:00,btc_mxn,1138959.98,1138960.02,0.0
2024-07-18 16:48:27+00:00,btc_mxn,1138959.98,1138960.02,0.0
2024-07-18 16:48:28+00:00,btc_mxn,1138959.98,1138960.02,0.0
2024-07-18 16:48:29+00:00,btc_mxn,1138959.98,1138960.02,0.0
2024-07-18 16:48:30+00:00,btc_mxn,1138959.98,1138960.02,0.0
2024-07-18 16:48:31+00:00,btc_mxn,1138959.98,1138960.02,0.0
2024-07-18 16:48:32+00:00,btc_mxn,1138959.98,1138960.02,0.0
2024-07-18 16:48:33+00:00,btc_mxn,1138959.98,1138960.02,0.0
2024-07-18 16:48:34+00:00,btc_mxn,1138959.98,1138960.02,0.0
2024-07-18 16:48:35+00:00,btc_mxn,1138959.98,1138960.02,0.0
2024-07-18 16:48:36+00:00,btc_mxn,1138959.98,1138960.02,0.0
2024-07-18 16:48:37+00:00,btc_mxn,1138959.98,1138960.02,0.0
2024-07-18 16:48:38+00:00,btc_mxn,1138959.98,1138960.02,0.0
2024-07-18 16:48:39+00:00,btc_mxn,1138959.98,1138960.02,0.0
2024-07-18 16:48:40+00:00,btc_mxn,1138959.98,1138960.02,0.0
2024-07-18 16:48:41+00:00,btc_mxn,1138959.98,1138960.02,0.0
2024-07-18 16:48:42+00:00,btc_mxn,1138959.98,1138960.02,0.0
2024-07-18 16:48:43+00:00,btc_mxn,1138959.98,1138960.02,0.0
2024-07-18 16:48:44+00:00,btc_mxn,1138959.98,1138960.02,0.0
2024-07-18 16:48:45+00:00,btc_mxn,1138959.98,1138960.02,0.0
2024-07-18 16:48:46+00:00,btc_mxn,1138959.98,1138960.02,0.0
2024-07-18 16:48:47+00:00,btc_mxn,1138959.98,1138960.02,0.0
2024-07-18 16:48:48+00:00,btc_mxn,1138959.98,1138960.02,0.0
2024-07-18 16:48:49+00:00,btc_mxn,1138959.98,1138960.02,0.0
2024-07-18 16:48:50+00:00,btc_mxn,1138959.98,1138960.02,0.0
2024-07-18 16:48:51+00:00,btc_mxn,1138959.98,1138960.02,0.0
2024-07-18 16:48:52+00:00,btc_mxn,1138959.98,1138960.02,0.0
2024-07-18 16:48:53+00:00,btc_mxn,1138959.98,1138960.02,0.0
2024-07-18 16:48:54+00:00,btc_mxn,1138959.98,1138960.02,0.0
2024-07-18 16:48:55+00:00,btc_mxn,1138959.98,1138960.02,0.0
2024-07-18 16:48:56+00:00,btc_mxn,1138959.98,1138960.02,0.0
2024-07-18 16:48:57+00:00,btc_mxn,1138959.98,1138960.02,0.0
2024-07-18 16:48:58+00:00,btc_mxn,1138959.98,1138960.02,0.0
2024-07-18 16:48:59+00:00,btc_mxn,1138959.98,1138960.02,0.0
2024-07-18 16:49:00+00:00,btc_mxn,1138959.98,1138960.02,0.0
2024-07-18 16:49:01+00:00,btc_mxn,1138959.98,1138960.02,0.0
2024-07-18 16:49:02+00:00,btc_mxn,1138959.98,1138960.02,0.0
2024-07-18 16:49:03+00:00,btc_mxn,1138959.98,1138960.02,0.0
2024-07-18 16:49:04+00:00,btc_mxn,1138959.98,1138960.02,0.0
2024-07-18 16:49:05+00:00,btc_mxn,1138959.98,1138960.02,0.0
2024-07-18 16:49:06+00:00,btc_mxn,1138959.98,1138960.02,0.0
2024-07-18 16:49:08+00:00,btc_mxn,1138959.98,1138960.02,0.0
2024-07-18 16:49:09+00:00,btc_mxn,1138959.98,1138960.02,0.0
2024-07-18 16:49:10+00:00,btc_mxn,1138959.98,1138960.02,0.0
2024-07-18 16:49:11+00:00,btc_mxn,1138959.98,1138960.02,0.0
2024-07-18 16:49:12+00:00,btc_mxn,1138959.98,1138960.02,0.0
2024-07-18 16:49:13+00:00,btc_mxn,1138959.98,1138960.02,0.0
2024-07-18 16:49:14+00:00,btc_mxn,1138959.98,1138960.02,0.0
2024-07-18 16:49:15+00:00,btc_mxn,1138959.98,1138960.02,0.0
2024-07-18 16:49:16+00:00,btc_mxn,1138959.98,1138960.02,0.0
2024-07-18 16:49:17+00:00,btc_mxn,1138959.98,1138960.02,0.0
2024-07-18 16:49:18+00:00,btc_mxn,1138959.98,1138960.02,0.0
2024-07-18 16:49:19+00:00,btc_mxn,1138959.98,1138960.02,0.0
2024-07-18 16:49:20+00:00,btc_mxn,1138959.98,1138960.02,0.0
2024-07-18 16:49:21+00:00,btc_mxn,1138959.98,1138960.02,0.0
2024-07-18 16:49:22+00:00,btc_mxn,1138959.98,1138960.02,0.0
2024-07-18 16:49:23+00:00,btc_mxn,1138959.98,1138960.02,0.0
2024-07-18 16:49:24+00:00,btc_mxn,1138959.98,1138960.02,0.0
2024-07-18 16:49:25+00:00,btc_mxn,1138959.98,1138960.02,0.0
2024-07-18 16:49:26+00:00,btc_mxn,1138959.98,1138960.02,0.0
2024-07-18 16:49:27+00:00,btc_mxn,1138959.98,1138960.02,0.0
2024-07-18 16:49:28+00:00,btc_mxn,1138959.98,1138960.02,0.0
2024-07-18 16:49:29+00:00,btc_mxn,1138959.98,1138960.02,0.0
2024-07-18 16:49:30+00:00,btc_mxn,1138959.98,1138960.02,0.0
2024-07-18 16:49:31+00:00,btc_mxn,1138959.98,1138960.02,0.0
2024-07-18 16:49:32+00:00,btc_mxn,1138959.98,1138960.02,0.0
2024-07-18 16:49:33+00:00,btc_mxn,1138959.98,1138960.02,0.0
2024-07-18 16:49:34+00:00,btc_mxn,1138959.98,1138960.02,0.0
2024-07-18 16:49:35+00:00,btc_mxn,1138959.98,1138960.02,0.0
2024-07-18 16:49:36+00:00,btc_mxn,1138959.98,1138960.02,0.0
2024-07-18 16:49:37+00:00,btc_mxn,1138959.98,1138960.02,0.0
2024-07-18 16:49:38+00:00,btc_mxn,1138959.98,1138960.02,0.0
2024-07-18 16:49:39+00:00,btc_mxn,1138959.98,1138960.02,0.0
2024-07-18 16:49:40+00:00,btc_mxn,1138959.98,1138960.02,0.0
2024-07-18 16:49:41+00:00,btc_mxn,1138959.98,1138960.02,0.0
2024-07-18 16:49:42+00:00,btc_mxn,1138959.98,1138960.02,0.0
2024-07-18 16:49:43+00:00,btc_mxn,1138959.98,1138960.02,0.0
2024-07-18 16:49:44+00:00,btc_mxn,1138959.98,1138960.02,0.0
2024-07-18 16:49:45+00:00,btc_mxn,1138959.98,1138960.02,0.0
2024-07-18 16:49:46+00:00,btc_mxn,1138959.98,1138960.02,0.0
2024-07-18 16:49:47+00:00,btc_mxn,1138959.98,1138960.02,0.0
2024-07-18 16:49:48+00:00,btc_mxn,1138959.98,1138960.02,0.0
2024-07-18 16:49:49+00:00,btc_mxn,1138959.98,1138960.02,0.0
2024-07-18 16:49:50+00:00,btc_mxn,1138959.98,1138960.02,0.0
2024-07-18 16:49:51+00:00,btc_mxn,1138959.98,1138960.02,0.0
2024-07-18 16:49:52+00:00,btc_mxn,1138959.98,1138960.02,0.0
2024-07-18 16:49:53+00:00,btc_mxn,1138959.98,1138960.02,0.0
2024-07-18 16:49:54+00:00,btc_mxn,1138959.98,1138960.02,0.0
2024-07-18 16:49:55+00:00,btc_mxn,1138959.98,1138960.02,0.0
2024-07-18 16:49:56+00:00,btc_mxn,1138959.98,1138960.02,0.0
2024-07-18 16:49:57+00:00,btc_mxn,1138959.98,1138960.02,0.0
2024-07-18 16:49:58+00:00,btc_mxn,1138959.98,1138960.02,0.0
2024-07-18 16:49:59+00:00,btc_mxn,1138959.98,1138960.02,0.0
2024-07-18 16:50:00+00:00,btc_mxn,1138959.98,1138960.02,0.0
2024-07-18 16:50:01+00:00,btc_mxn,1138959.98,1138960.02,0.0
2024-07-18 16:50:02+00:00,btc_mxn,1138959.98,1138960.02,0.0
2024-07-18 16:50:03+00:00,btc_mxn,1138959.98,1138960.02,0.0
2024-07-18 16:50:04+00:00,btc_mxn,1138959.98,1138960.02,0.0
2024-07-18 16:50:05+00:00,btc_mxn,1138959.98,1138960.02,0.0
2024-07-18 16:50:06+00:00,btc_mxn,1138959.98,1138960.02,0.0
2024-07-18 16:50:08+00:00,btc_mxn,1138959.98,1138960.02,0.0
2024-07-18 16:50:09+00:00,btc_mxn,1138959.98,1138960.02,0.0
2024-07-18 16:50:10+00:00,btc_mxn,1138959.98,1138960.02,0.0
2024-07-18 16:50:11+00:00,btc_mxn,1138959.98,1138960.02,0.0
2024-07-18 16:50:12+00:00,btc_mxn,1138959.98,1138960.02,0.0
2024-07-18 16:50:13+00:00,btc_mxn,1138959.98,1138960.02,0.0
2024-07-18 16:50:14+00:00,btc_mxn,1138959.98,1138960.02,0.0
2024-07-18 16:50:15+00:00,btc_mxn,1138959.98,1138960.02,0.0
2024-07-18 16:50:16+00:00,btc_mxn,1138959.98,1138960.02,0.0
2024-07-18 16:50:17+00:00,btc_mxn,1138959.98,1138960.02,0.0
2024-07-18 16:50:18+00:00,btc_mxn,1138959.98,1138960.02,0.0
2024-07-18 16:50:19+00:00,btc_mxn,1138959.98,1138960.02,0.0
2024-07-18 16:50:20+00:00,btc_mxn,1138959.98,1138960.02,0.0
2024-07-18 16:50:21+00:00,btc_mxn,1138959.98,1138960.02,0.0
2024-07-18 16:50:22+00:00,btc_mxn,1138959.98,1138960.02,0.0
2024-07-18 16:50:23+00:00,btc_mxn,1138959.98,1138960.02,0.0
2024-07-18 16:50:24+00:00,btc_mxn,1138959.98,1138960.02,0.0
2024-07-18 16:50:25+00:00,btc_mxn,1138959.98,1138960.02,0.0
2024-07-18 16:50:26+00:00,btc_mxn,1138959.98,1138960.02,0.0
2024-07-18 16:50:27+00:00,btc_mxn,1138959.98,1138960.02,0.0
2024-07-18 16:50:28+00:00,btc_mxn,1138959.98,1138960.02,0.0
2024-07-18 16:50:29+00:00,btc_mxn,1138959.98,1138960.02,0.0
2024-07-18 16:50:30+00:00,btc_mxn,1138959.98,1138960.02,0.0
2024-07-18 16:50:31+00:00,btc_mxn,1138959.98,1138960.02,0.0
2024-07-18 16:50:32+00:00,btc_mxn,1138959.98,1138960.02,0.0
2024-07-18 16:50:33+00:00,btc_mxn,1138959.98,1138960.02,0.0
2024-07-18 16:50:34+00:00,btc_mxn,1138959.98,1138960.02,0.0
2024-07-18 16:50:35+00:00,btc_mxn,1138959.98,1138960.02,0.0
2024-07-18 16:50:36+00:00,btc_mxn,1138959.98,1138960.02,0.0
2024-07-18 16:50:37+00:00,btc_mxn,1138959.98,1138960.02,0.0
2024-07-18 16:50:38+00:00,btc_mxn,1138959.98,1138960.02,0.0
2024-07-18 16:50:39+00:00,btc_mxn,1138959.98,1138960.02,0.0
2024-07-18 16:50:40+00:00,btc_mxn,1138959.98,1138960.02,0.0
2024-07-18 16:50:41+00:00,btc_mxn,1138959.98,1138960.02,0.0
2024-07-18 16:50:42+00:00,btc_mxn,1138959.98,1138960.02,0.0
2024-07-18 16:50:43+00:00,btc_mxn,1138959.98,1138960.02,0.0
2024-07-18 16:50:44+00:00,btc_mxn,1138959.98,1138960.02,0.0
2024-07-18 16:50:45+00:00,btc_mxn,1138959.98,1138960.02,0.0
2024-07-18 16:50:46+00:00,btc_mxn,1138959.98,1138960.02,0.0
2024-07-18 16:50:47+00:00,btc_mxn,1138959.98,1138960.02,0.0
2024-07-18 16:50:48+00:00,btc_mxn,1138959.98,1138960.02,0.0
2024-07-18 16:50:49+00:00,btc_mxn,1138959.98,1138960.02,0.0
2024-07-18 16:50:50+00:00,btc_mxn,1138959.98,1138960.02,0.0
2024-07-18 16:50:51+00:00,btc_mxn,1138959.98,1138960.02,0.0
2024-07-18 16:50:52+00:00,btc_mxn,1138959.98,1138960.02,0.0
2024-07-18 16:50:53+00:00,btc_mxn,1138959.98,1138960.02,0.0
2024-07-18 16:50:54+00:00,btc_mxn,1138959.98,1138960.02,0.0
2024-07-18 16:50:55+00:00,btc_mxn,1138959.98,1138960.02,0.0
2024-07-18 16:50:56+00:00,btc_mxn,1138959.98,1138960.02,0.0
2024-07-18 16:50:58+00:00,btc_mxn,1138959.98,1138960.02,0.0
2024-07-18 16:50:58+00:00,btc_mxn,1138959.98,1138960.02,0.0
2024-07-18 16:51:00+00:00,btc_mxn,1138959.98,1138960.02,0.0
2024-07-18 16:51:01+00:00,btc_mxn,1138959.98,1138960.02,0.0
2024-07-18 16:51:02+00:00,btc_mxn,1138959.98,1138960.02,0.0
2024-07-18 16:51:03+00:00,btc_mxn,1138959.98,1138960.02,0.0
2024-07-18 16:51:04+00:00,btc_mxn,1141339.98,1141340.02,0.0
2024-07-18 16:51:05+00:00,btc_mxn,1141339.98,1141340.02,0.0
2024-07-18 16:51:06+00:00,btc_mxn,1141339.98,1141340.02,0.0
2024-07-18 16:51:07+00:00,btc_mxn,1141339.98,1141340.02,0.0
2024-07-18 16:51:08+00:00,btc_mxn,1141339.98,1141340.02,0.0
2024-07-18 16:51:09+00:00,btc_mxn,1141339.98,1141340.02,0.0
2024-07-18 16:51:10+00:00,btc_mxn,1141339.98,1141340.02,0.0
2024-07-18 16:51:11+00:00,btc_mxn,1141339.98,1141340.02,0.0
2024-07-18 16:51:12+00:00,btc_mxn,1141339.98,1141340.02,0.0
2024-07-18 16:51:13+00:00,btc_mxn,1141339.98,1141340.02,0.0
2024-07-18 16:51:14+00:00,btc_mxn,1141339.98,1141340.02,0.0
2024-07-18 16:51:15+00:00,btc_mxn,1141339.98,1141340.02,0.0
2024-07-18 16:51:16+00:00,btc_mxn,1141339.98,1141340.02,0.0
2024-07-18 16:51:17+00:00,btc_mxn,1141339.98,1141340.02,0.0
2024-07-18 16:51:18+00:00,btc_mxn,1141339.98,1141340.02,0.0
2024-07-18 16:51:19+00:00,btc_mxn,1136530.0,1141170.0,0.407
2024-07-18 16:51:20+00:00,btc_mxn,1136560.0,1141170.0,0.404
2024-07-18 16:51:21+00:00,btc_mxn,1136560.0,1141170.0,0.404
2024-07-18 16:51:22+00:00,btc_mxn,1136640.0,1141170.0,0.397
2024-07-18 16:51:23+00:00,btc_mxn,1136690.0,1141170.0,0.393
2024-07-18 16:51:24+00:00,btc_mxn,1136690.0,1141170.0,0.393
2024-07-18 16:51:25+00:00,btc_mxn,1136690.0,1141070.0,0.384
2024-07-18 16:51:26+00:00,btc_mxn,1136690.0,1141050.0,0.382
2024-07-18 16:51:27+00:00,btc_mxn,1136690.0,1141050.0,0.382
2024-07-18 16:51:28+00:00,btc_mxn,1136690.0,1141050.0,0.382
2024-07-18 16:51:29+00:00,btc_mxn,1136690.0,1141050.0,0.382
2024-07-18 16:51:30+00:00,btc_mxn,1136690.0,1141050.0,0.382
2024-07-18 16:51:31+00:00,btc_mxn,1136690.0,1141050.0,0.382
2024-07-18 16:51:33+00:00,btc_mxn,1136690.0,1140830.0,0.363
2024-07-18 16:51:34+00:00,btc_mxn,1136690.0,1140830.0,0.363
2024-07-18 16:51:35+00:00,btc_mxn,1136690.0,1140830.0,0.363
2024-07-18 16:51:36+00:00,btc_mxn,1136690.0,1140830.0,0.363
2024-07-18 16:51:37+00:00,btc_mxn,1136690.0,1140830.0,0.363
2024-07-18 16:51:38+00:00,btc_mxn,1136690.0,1140830.0,0.363
2024-07-18 16:51:39+00:00,btc_mxn,1136690.0,1140830.0,0.363
2024-07-18 16:51:40+00:00,btc_mxn,1136690.0,1140830.0,0.363
2024-07-18 16:51:41+00:00,btc_mxn,1136690.0,1140830.0,0.363
2024-07-18 16:51:42+00:00,btc_mxn,1136690.0,1140830.0,0.363
2024-07-18 16:51:43+00:00,btc_mxn,1136690.0,1140830.0,0.363
2024-07-18 16:51:44+00:00,btc_mxn,1136690.0,1140830.0,0.363
2024-07-18 16:51:45+00:00,btc_mxn,1136690.0,1140830.0,0.363
2024-07-18 16:51:46+00:00,btc_mxn,1136690.0,1140830.0,0.363
2024-07-18 16:51:47+00:00,btc_mxn,1136690.0,1140830.0,0.363
2024-07-18 16:51:48+00:00,btc_mxn,1136690.0,1140830.0,0.363
2024-07-18 16:51:49+00:00,btc_mxn,1136690.0,1140830.0,0.363
2024-07-18 16:51:50+00:00,btc_mxn,1136690.0,1140830.0,0.363
2024-07-18 16:51:51+00:00,btc_mxn,1136690.0,1140830.0,0.363
2024-07-18 16:51:52+00:00,btc_mxn,1136690.0,1140830.0,0.363
2024-07-18 16:51:53+00:00,btc_mxn,1136690.0,1140830.0,0.363
2024-07-18 16:51:54+00:00,btc_mxn,1136690.0,1140830.0,0.363
2024-07-18 16:51:55+00:00,btc_mxn,1136690.0,1140830.0,0.363
2024-07-18 16:51:56+00:00,btc_mxn,1136690.0,1140830.0,0.363
2024-07-18 16:51:57+00:00,btc_mxn,1136690.0,1140830.0,0.363
2024-07-18 16:51:58+00:00,btc_mxn,1136690.0,1140770.0,0.358
2024-07-18 16:51:59+00:00,btc_mxn,1136690.0,1140770.0,0.358
2024-07-18 16:52:00+00:00,btc_mxn,1136690.0,1140640.0,0.346
2024-07-18 16:52:02+00:00,btc_mxn,1136690.0,1140600.0,0.343
2024-07-18 16:52:02+00:00,btc_mxn,1136690.0,1140600.0,0.343
2024-07-18 16:52:03+00:00,btc_mxn,1136690.0,1140600.0,0.343
2024-07-18 16:52:05+00:00,btc_mxn,1136690.0,1140600.0,0.343
2024-07-18 16:52:06+00:00,btc_mxn,1136690.0,1140600.0,0.343
2024-07-18 16:52:07+00:00,btc_mxn,1136690.0,1140600.0,0.343
2024-07-18 16:52:08+00:00,btc_mxn,1136690.0,1140600.0,0.343
2024-07-18 16:52:09+00:00,btc_mxn,1136690.0,1140600.0,0.343
2024-07-18 16:52:10+00:00,btc_mxn,1136690.0,1140600.0,0.343
2024-07-18 16:52:11+00:00,btc_mxn,1136690.0,1140600.0,0.343
2024-07-18 16:52:12+00:00,btc_mxn,1136690.0,1140600.0,0.343
2024-07-18 16:52:13+00:00,btc_mxn,1136690.0,1140600.0,0.343
2024-07-18 16:52:14+00:00,btc_mxn,1136690.0,1140600.0,0.343
2024-07-18 16:52:15+00:00,btc_mxn,1136690.0,1140600.0,0.343
2024-07-18 16:52:16+00:00,btc_mxn,1136690.0,1140440.0,0.329
2024-07-18 16:52:17+00:00,btc_mxn,1136690.0,1140440.0,0.329
2024-07-18 16:52:18+00:00,btc_mxn,1136690.0,1140440.0,0.329
2024-07-18 16:52:19+00:00,btc_mxn,1136690.0,1140440.0,0.329
2024-07-18 16:52:20+00:00,btc_mxn,1136480.0,1140440.0,0.347
2024-07-18 16:52:21+00:00,btc_mxn,1136480.0,1140440.0,0.347
2024-07-18 16:52:22+00:00,btc_mxn,1136480.0,1140440.0,0.347
2024-07-18 16:52:23+00:00,btc_mxn,1136480.0,1140440.0,0.347
2024-07-18 16:52:24+00:00,btc_mxn,1136480.0,1140440.0,0.347
2024-07-18 16:52:25+00:00,btc_mxn,1136480.0,1140440.0,0.347
2024-07-18 16:52:26+00:00,btc_mxn,1136480.0,1140440.0,0.347
2024-07-18 16:52:27+00:00,btc_mxn,1136480.0,1140440.0,0.347
2024-07-18 16:52:28+00:00,btc_mxn,1136480.0,1140440.0,0.347
2024-07-18 16:52:29+00:00,btc_mxn,1136480.0,1140440.0,0.347
2024-07-18 16:52:30+00:00,btc_mxn,1136480.0,1140440.0,0.347
2024-07-18 16:52:31+00:00,btc_mxn,1136480.0,1140440.0,0.347
2024-07-18 16:52:32+00:00,btc_mxn,1136480.0,1140440.0,0.347
2024-07-18 16:52:33+00:00,btc_mxn,1136480.0,1140440.0,0.347
2024-07-18 16:52:34+00:00,btc_mxn,1136480.0,1140440.0,0.347
2024-07-18 16:52:35+00:00,btc_mxn,1136480.0,1140440.0,0.347
2024-07-18 16:52:36+00:00,btc_mxn,1136480.0,1140440.0,0.347
2024-07-18 16:52:37+00:00,btc_mxn,1136480.0,1140440.0,0.347
2024-07-18 16:52:38+00:00,btc_mxn,1136480.0,1140440.0,0.347
2024-07-18 16:52:39+00:00,btc_mxn,1136480.0,1140440.0,0.347
2024-07-18 16:52:40+00:00,btc_mxn,1136480.0,1140440.0,0.347
2024-07-18 16:52:41+00:00,btc_mxn,1136480.0,1140440.0,0.347
2024-07-18 16:52:42+00:00,btc_mxn,1136480.0,1140440.0,0.347
2024-07-18 16:52:43+00:00,btc_mxn,1136480.0,1140440.0,0.347
2024-07-18 16:52:44+00:00,btc_mxn,1136480.0,1140440.0,0.347
2024-07-18 16:52:45+00:00,btc_mxn,1136480.0,1140440.0,0.347
2024-07-18 16:52:46+00:00,btc_mxn,1136480.0,1140440.0,0.347
2024-07-18 16:52:47+00:00,btc_mxn,1136480.0,1140440.0,0.347
2024-07-18 16:52:48+00:00,btc_mxn,1136480.0,1140440.0,0.347
2024-07-18 16:52:49+00:00,btc_mxn,1136480.0,1140440.0,0.347
2024-07-18 16:52:50+00:00,btc_mxn,1136480.0,1140440.0,0.347
2024-07-18 16:52:51+00:00,btc_mxn,1136480.0,1140440.0,0.347
2024-07-18 16:52:52+00:00,btc_mxn,1136480.0,1140440.0,0.347
2024-07-18 16:52:53+00:00,btc_mxn,1136480.0,1140440.0,0.347
2024-07-18 16:52:54+00:00,btc_mxn,1136480.0,1140440.0,0.347
2024-07-18 16:52:55+00:00,btc_mxn,1136480.0,1140440.0,0.347
2024-07-18 16:52:56+00:00,btc_mxn,1136480.0,1140440.0,0.347
2024-07-18 16:52:57+00:00,btc_mxn,1136480.0,1140440.0,0.347
2024-07-18 16:52:58+00:00,btc_mxn,1136480.0,1140440.0,0.347
2024-07-18 16:52:59+00:00,btc_mxn,1136420.0,1140440.0,0.352
2024-07-18 16:53:00+00:00,btc_mxn,1136070.0,1140440.0,0.383
2024-07-18 16:53:02+00:00,btc_mxn,1136070.0,1140440.0,0.383
2024-07-18 16:53:02+00:00,btc_mxn,1136070.0,1140440.0,0.383
2024-07-18 16:53:03+00:00,btc_mxn,1136070.0,1140440.0,0.383
2024-07-18 16:53:04+00:00,btc_mxn,1136070.0,1140440.0,0.383
2024-07-18 16:53:05+00:00,btc_mxn,1136070.0,1140440.0,0.383
2024-07-18 16:53:06+00:00,btc_mxn,1136070.0,1140440.0,0.383
2024-07-18 16:53:07+00:00,btc_mxn,1136070.0,1140440.0,0.383
2024-07-18 16:53:08+00:00,btc_mxn,1136070.0,1140440.0,0.383
2024-07-18 16:53:09+00:00,btc_mxn,1136070.0,1140440.0,0.383
2024-07-18 16:53:10+00:00,btc_mxn,1136070.0,1140440.0,0.383
2024-07-18 16:53:11+00:00,btc_mxn,1136070.0,1140440.0,0.383
2024-07-18 16:53:12+00:00,btc_mxn,1136070.0,1140440.0,0.383
2024-07-18 16:53:13+00:00,btc_mxn,1136070.0,1140440.0,0.383
2024-07-18 16:53:14+00:00,btc_mxn,1136070.0,1140440.0,0.383
2024-07-18 16:53:15+00:00,btc_mxn,1136070.0,1140440.0,0.383
2024-07-18 16:53:16+00:00,btc_mxn,1136070.0,1140440.0,0.383
2024-07-18 16:53:17+00:00,btc_mxn,1136070.0,1140440.0,0.383
2024-07-18 16:53:19+00:00,btc_mxn,1136070.0,1140440.0,0.383
2024-07-18 16:53:19+00:00,btc_mxn,1136070.0,1140440.0,0.383
2024-07-18 16:53:21+00:00,btc_mxn,1136070.0,1140440.0,0.383
2024-07-18 16:53:22+00:00,btc_mxn,1136070.0,1140440.0,0.383
2024-07-18 16:53:23+00:00,btc_mxn,1136070.0,1140440.0,0.383
2024-07-18 16:53:24+00:00,btc_mxn,1136070.0,1140440.0,0.383
2024-07-18 16:53:25+00:00,btc_mxn,1136070.0,1140440.0,0.383
2024-07-18 16:53:26+00:00,btc_mxn,1136070.0,1140440.0,0.383
2024-07-18 16:53:27+00:00,btc_mxn,1136070.0,1140440.0,0.383
2024-07-18 16:53:28+00:00,btc_mxn,1136070.0,1140440.0,0.383
2024-07-18 16:53:29+00:00,btc_mxn,1136070.0,1140440.0,0.383
2024-07-18 16:53:30+00:00,btc_mxn,1136070.0,1140440.0,0.383
2024-07-18 16:53:31+00:00,btc_mxn,1136070.0,1140440.0,0.383
2024-07-18 16:53:32+00:00,btc_mxn,1136070.0,1140440.0,0.383
2024-07-18 16:53:33+00:00,btc_mxn,1136070.0,1140440.0,0.383
2024-07-18 16:53:34+00:00,btc_mxn,1136070.0,1140440.0,0.383
2024-07-18 16:53:35+00:00,btc_mxn,1136070.0,1140440.0,0.383
2024-07-18 16:53:36+00:00,btc_mxn,1136070.0,1140440.0,0.383
2024-07-18 16:53:37+00:00,btc_mxn,1136070.0,1140440.0,0.383
2024-07-18 16:53:38+00:00,btc_mxn,1136070.0,1140440.0,0.383
2024-07-18 16:53:39+00:00,btc_mxn,1136070.0,1140440.0,0.383
2024-07-18 16:53:40+00:00,btc_mxn,1136070.0,1140440.0,0.383
2024-07-18 16:53:41+00:00,btc_mxn,1136070.0,1140440.0,0.383
2024-07-18 16:53:42+00:00,btc_mxn,1136070.0,1140440.0,0.383
2024-07-18 16:53:43+00:00,btc_mxn,1136070.0,1140440.0,0.383
2024-07-18 16:53:44+00:00,btc_mxn,1136070.0,1140440.0,0.383
2024-07-18 16:53:45+00:00,btc_mxn,1136070.0,1140440.0,0.383
2024-07-18 16:53:46+00:00,btc_mxn,1136070.0,1140440.0,0.383
2024-07-18 16:53:47+00:00,btc_mxn,1136070.0,1140440.0,0.383
2024-07-18 16:53:48+00:00,btc_mxn,1136070.0,1140440.0,0.383
2024-07-18 16:53:49+00:00,btc_mxn,1136070.0,1140440.0,0.383
2024-07-18 16:53:50+00:00,btc_mxn,1136070.0,1140440.0,0.383
2024-07-18 16:53:51+00:00,btc_mxn,1136070.0,1140440.0,0.383
2024-07-18 16:53:52+00:00,btc_mxn,1136070.0,1140440.0,0.383
2024-07-18 16:53:53+00:00,btc_mxn,1136070.0,1140440.0,0.383
2024-07-18 16:53:54+00:00,btc_mxn,1136070.0,1140440.0,0.383
2024-07-18 16:53:55+00:00,btc_mxn,1136070.0,1140440.0,0.383
2024-07-18 16:53:56+00:00,btc_mxn,1136070.0,1140440.0,0.383
2024-07-18 16:53:57+00:00,btc_mxn,1136070.0,1140440.0,0.383
2024-07-18 16:53:58+00:00,btc_mxn,1136070.0,1140600.0,0.397
2024-07-18 16:53:59+00:00,btc_mxn,1136070.0,1140600.0,0.397
2024-07-18 16:54:00+00:00,btc_mxn,1136070.0,1140600.0,0.397
2024-07-18 16:54:01+00:00,btc_mxn,1137190.0,1140600.0,0.299
2024-07-18 16:54:02+00:00,btc_mxn,1137190.0,1140600.0,0.299
2024-07-18 16:54:03+00:00,btc_mxn,1137190.0,1140600.0,0.299
2024-07-18 16:54:04+00:00,btc_mxn,1136070.0,1140640.0,0.401
2024-07-18 16:54:05+00:00,btc_mxn,1136070.0,1140680.0,0.404
2024-07-18 16:54:06+00:00,btc_mxn,1136070.0,1140680.0,0.404
2024-07-18 16:54:07+00:00,btc_mxn,1136070.0,1140680.0,0.404
2024-07-18 16:54:08+00:00,btc_mxn,1136070.0,1140680.0,0.404
2024-07-18 16:54:09+00:00,btc_mxn,1136070.0,1140680.0,0.404
2024-07-18 16:54:10+00:00,btc_mxn,1137270.0,1140680.0,0.299
2024-07-18 16:54:11+00:00,btc_mxn,1137270.0,1140680.0,0.299
2024-07-18 16:54:12+00:00,btc_mxn,1137270.0,1140680.0,0.299
2024-07-18 16:54:13+00:00,btc_mxn,1137330.0,1140680.0,0.294
2024-07-18 16:54:14+00:00,btc_mxn,1137330.0,1140680.0,0.294
2024-07-18 16:54:15+00:00,btc_mxn,1137330.0,1140680.0,0.294
2024-07-18 16:54:16+00:00,btc_mxn,1137330.0,1140680.0,0.294
2024-07-18 16:54:17+00:00,btc_mxn,1137330.0,1140680.0,0.294
2024-07-18 16:54:18+00:00,btc_mxn,1137350.0,1140680.0,0.292
2024-07-18 16:54:19+00:00,btc_mxn,1137350.0,1140680.0,0.292
2024-07-18 16:54:20+00:00,btc_mxn,1137350.0,1140680.0,0.292
2024-07-18 16:54:21+00:00,btc_mxn,1137350.0,1140680.0,0.292
2024-07-18 16:54:22+00:00,btc_mxn,1137350.0,1140680.0,0.292
2024-07-18 16:54:24+00:00,btc_mxn,1137350.0,1140680.0,0.292
2024-07-18 16:54:25+00:00,btc_mxn,1137430.0,1140680.0,0.285
2024-07-18 16:54:26+00:00,btc_mxn,1137430.0,1140680.0,0.285
2024-07-18 16:54:27+00:00,btc_mxn,1137430.0,1140680.0,0.285
2024-07-18 16:54:28+00:00,btc_mxn,1137420.0,1140680.0,0.286
2024-07-18 16:54:29+00:00,btc_mxn,1137420.0,1140680.0,0.286
2024-07-18 16:54:30+00:00,btc_mxn,1137420.0,1140680.0,0.286
2024-07-18 16:54:31+00:00,btc_mxn,1137420.0,1140680.0,0.286
2024-07-18 16:54:32+00:00,btc_mxn,1137420.0,1140680.0,0.286
2024-07-18 16:54:33+00:00,btc_mxn,1137420.0,1140680.0,0.286
2024-07-18 16:54:34+00:00,btc_mxn,1137420.0,1140680.0,0.286
2024-07-18 16:54:35+00:00,btc_mxn,1137420.0,1140680.0,0.286
2024-07-18 16:54:36+00:00,btc_mxn,1137420.0,1140680.0,0.286
2024-07-18 16:54:37+00:00,btc_mxn,1137420.0,1140680.0,0.286
2024-07-18 16:54:38+00:00,btc_mxn,1137420.0,1140680.0,0.286
2024-07-18 16:54:39+00:00,btc_mxn,1137420.0,1140680.0,0.286
2024-07-18 16:54:40+00:00,btc_mxn,1137420.0,1140680.0,0.286
2024-07-18 16:54:41+00:00,btc_mxn,1137420.0,1140680.0,0.286
2024-07-18 16:54:42+00:00,btc_mxn,1137420.0,1140680.0,0.286
2024-07-18 16:54:43+00:00,btc_mxn,1137420.0,1140680.0,0.286
2024-07-18 16:54:44+00:00,btc_mxn,1137420.0,1140680.0,0.286
2024-07-18 16:54:45+00:00,btc_mxn,1137420.0,1140680.0,0.286
2024-07-18 16:54:46+00:00,btc_mxn,1137420.0,1140680.0,0.286
2024-07-18 16:54:47+00:00,btc_mxn,1137420.0,1140680.0,0.286
2024-07-18 16:54:48+00:00,btc_mxn,1137420.0,1140680.0,0.286
2024-07-18 16:54:49+00:00,btc_mxn,1137420.0,1140680.0,0.286
2024-07-18 16:54:50+00:00,btc_mxn,1137420.0,1140680.0,0.286
2024-07-18 16:54:51+00:00,btc_mxn,1137420.0,1140680.0,0.286
2024-07-18 16:54:52+00:00,btc_mxn,1137420.0,1140680.0,0.286
2024-07-18 16:54:53+00:00,btc_mxn,1137420.0,1140680.0,0.286
2024-07-18 16:54:54+00:00,btc_mxn,1137420.0,1140680.0,0.286
2024-07-18 16:54:55+00:00,btc_mxn,1137420.0,1140680.0,0.286
2024-07-18 16:54:56+00:00,btc_mxn,1137420.0,1140680.0,0.286
2024-07-18 16:54:57+00:00,btc_mxn,1137420.0,1140680.0,0.286
2024-07-18 16:54:58+00:00,btc_mxn,1137420.0,1140680.0,0.286
2024-07-18 16:54:59+00:00,btc_mxn,1137420.0,1140680.0,0.286
2024-07-18 16:55:00+00:00,btc_mxn,1137420.0,1140680.0,0.286
2024-07-18 16:55:01+00:00,btc_mxn,1137420.0,1140680.0,0.286
2024-07-18 16:55:02+00:00,btc_mxn,1137420.0,1140680.0,0.286
2024-07-18 16:55:03+00:00,btc_mxn,1137420.0,1140650.0,0.283
2024-07-18 16:55:04+00:00,btc_mxn,1137420.0,1140650.0,0.283
2024-07-18 16:55:05+00:00,btc_mxn,1137420.0,1140650.0,0.283
2024-07-18 16:55:06+00:00,btc_mxn,1137350.0,1140650.0,0.289
2024-07-18 16:55:07+00:00,btc_mxn,1137350.0,1140650.0,0.289
2024-07-18 16:55:08+00:00,btc_mxn,1137350.0,1140650.0,0.289
2024-07-18 16:55:09+00:00,btc_mxn,1137350.0,1140650.0,0.289
2024-07-18 16:55:10+00:00,btc_mxn,1137350.0,1140650.0,0.289
2024-07-18 16:55:11+00:00,btc_mxn,1137350.0,1140650.0,0.289
2024-07-18 16:55:12+00:00,btc_mxn,1137350.0,1140650.0,0.289
2024-07-18 16:55:13+00:00,btc_mxn,1137350.0,1140650.0,0.289
2024-07-18 16:55:14+00:00,btc_mxn,1137350.0,1140650.0,0.289
2024-07-18 16:55:15+00:00,btc_mxn,1137350.0,1140650.0,0.289
2024-07-18 16:55:17+00:00,btc_mxn,1137350.0,1140650.0,0.289
2024-07-18 16:55:18+00:00,btc_mxn,1137350.0,1140650.0,0.289
2024-07-18 16:55:19+00:00,btc_mxn,1137350.0,1140650.0,0.289
2024-07-18 16:55:19+00:00,btc_mxn,1137350.0,1140650.0,0.289
2024-07-18 16:55:20+00:00,btc_mxn,1137350.0,1140650.0,0.289
2024-07-18 16:55:21+00:00,btc_mxn,1137350.0,1140650.0,0.289
2024-07-18 16:55:22+00:00,btc_mxn,1137350.0,1140650.0,0.289
2024-07-18 16:55:23+00:00,btc_mxn,1137350.0,1140650.0,0.289
2024-07-18 16:55:24+00:00,btc_mxn,1137350.0,1140650.0,0.289
2024-07-18 16:55:25+00:00,btc_mxn,1137350.0,1140650.0,0.289
2024-07-18 16:55:26+00:00,btc_mxn,1137350.0,1140650.0,0.289
2024-07-18 16:55:27+00:00,btc_mxn,1137350.0,1140650.0,0.289
2024-07-18 16:55:28+00:00,btc_mxn,1137350.0,1140650.0,0.289
2024-07-18 16:55:29+00:00,btc_mxn,1137350.0,1140650.0,0.289
2024-07-18 16:55:31+00:00,btc_mxn,1137350.0,1140650.0,0.289
2024-07-18 16:55:32+00:00,btc_mxn,1137350.0,1140650.0,0.289
2024-07-18 16:55:32+00:00,btc_mxn,1137350.0,1140650.0,0.289
2024-07-18 16:55:34+00:00,btc_mxn,1137350.0,1140650.0,0.289
2024-07-18 16:55:35+00:00,btc_mxn,1137350.0,1140650.0,0.289
