orderbook_timestamp,book,bid,ask,spread
2024-07-17 13:35:57+00:00,btc_mxn,1148330.0,1149820.0,0.13
2024-07-17 13:35:58+00:00,btc_mxn,1148330.0,1149820.0,0.13
2024-07-17 13:35:59+00:00,btc_mxn,1148820.0,1149820.0,0.087
2024-07-17 13:36:00+00:00,btc_mxn,1148830.0,1149820.0,0.086
2024-07-17 13:36:01+00:00,btc_mxn,1148830.0,1149820.0,0.086
2024-07-17 13:36:02+00:00,btc_mxn,1148830.0,1149820.0,0.086
2024-07-17 13:36:03+00:00,btc_mxn,1148890.0,1149820.0,0.081
2024-07-17 13:36:04+00:00,btc_mxn,1148890.0,1149820.0,0.081
2024-07-17 13:36:05+00:00,btc_mxn,1148890.0,1149820.0,0.081
2024-07-17 13:36:06+00:00,btc_mxn,1148890.0,1149820.0,0.081
2024-07-17 13:36:07+00:00,btc_mxn,1149010.0,1149820.0,0.07
2024-07-17 13:36:08+00:00,btc_mxn,1149010.0,1149820.0,0.07
2024-07-17 13:36:09+00:00,btc_mxn,1149010.0,1149820.0,0.07
2024-07-17 13:36:10+00:00,btc_mxn,1149010.0,1149820.0,0.07
2024-07-17 13:36:11+00:00,btc_mxn,1149010.0,1149820.0,0.07
2024-07-17 13:36:12+00:00,btc_mxn,1149010.0,1149820.0,0.07
2024-07-17 13:36:13+00:00,btc_mxn,1149110.0,1149820.0,0.062
2024-07-17 13:36:15+00:00,btc_mxn,1149010.0,1149820.0,0.07
2024-07-17 13:36:16+00:00,btc_mxn,1149010.0,1149820.0,0.07
2024-07-17 13:36:17+00:00,btc_mxn,1149130.0,1149820.0,0.06
2024-07-17 13:36:18+00:00,btc_mxn,1149130.0,1149820.0,0.06
2024-07-17 13:36:19+00:00,btc_mxn,1149130.0,1149820.0,0.06
2024-07-17 13:36:20+00:00,btc_mxn,1149140.0,1149820.0,0.059
2024-07-17 13:36:21+00:00,btc_mxn,1149140.0,1149820.0,0.059
2024-07-17 13:36:22+00:00,btc_mxn,1149140.0,1149820.0,0.059
2024-07-17 13:36:23+00:00,btc_mxn,1149140.0,1149820.0,0.059
2024-07-17 13:36:24+00:00,btc_mxn,1149140.0,1149820.0,0.059
2024-07-17 13:36:25+00:00,btc_mxn,1149140.0,1149820.0,0.059
2024-07-17 13:36:26+00:00,btc_mxn,1149140.0,1149820.0,0.059
2024-07-17 13:36:27+00:00,btc_mxn,1149140.0,1149820.0,0.059
2024-07-17 13:36:28+00:00,btc_mxn,1149140.0,1149820.0,0.059
2024-07-17 13:36:29+00:00,btc_mxn,1149140.0,1149820.0,0.059
2024-07-17 13:36:30+00:00,btc_mxn,1149140.0,1149820.0,0.059
2024-07-17 13:36:31+00:00,btc_mxn,1149240.0,1149820.0,0.05
2024-07-17 13:36:32+00:00,btc_mxn,1149240.0,1149820.0,0.05
2024-07-17 13:36:33+00:00,btc_mxn,1149240.0,1149820.0,0.05
2024-07-17 13:36:34+00:00,btc_mxn,1149240.0,1149820.0,0.05
2024-07-17 13:36:35+00:00,btc_mxn,1149140.0,1149820.0,0.059
2024-07-17 13:36:36+00:00,btc_mxn,1149140.0,1149820.0,0.059
2024-07-17 13:36:37+00:00,btc_mxn,1149140.0,1149820.0,0.059
2024-07-17 13:36:38+00:00,btc_mxn,1149140.0,1149820.0,0.059
2024-07-17 13:36:39+00:00,btc_mxn,1149140.0,1149820.0,0.059
2024-07-17 13:36:40+00:00,btc_mxn,1149140.0,1149820.0,0.059
2024-07-17 13:36:41+00:00,btc_mxn,1149140.0,1149820.0,0.059
2024-07-17 13:36:42+00:00,btc_mxn,1149140.0,1149820.0,0.059
2024-07-17 13:36:43+00:00,btc_mxn,1149140.0,1149820.0,0.059
2024-07-17 13:36:44+00:00,btc_mxn,1149140.0,1149820.0,0.059
2024-07-17 13:36:45+00:00,btc_mxn,1149140.0,1149820.0,0.059
2024-07-17 13:36:46+00:00,btc_mxn,1149140.0,1149820.0,0.059
2024-07-17 13:36:47+00:00,btc_mxn,1149140.0,1149820.0,0.059
2024-07-17 13:36:48+00:00,btc_mxn,1149140.0,1149820.0,0.059
2024-07-17 13:36:49+00:00,btc_mxn,1149140.0,1149820.0,0.059
2024-07-17 13:36:50+00:00,btc_mxn,1149140.0,1149820.0,0.059
2024-07-17 13:36:51+00:00,btc_mxn,1149140.0,1149820.0,0.059
2024-07-17 13:36:52+00:00,btc_mxn,1149140.0,1149820.0,0.059
2024-07-17 13:36:53+00:00,btc_mxn,1149140.0,1149820.0,0.059
2024-07-17 13:36:54+00:00,btc_mxn,1149140.0,1149820.0,0.059
2024-07-17 13:36:55+00:00,btc_mxn,1149140.0,1149820.0,0.059
2024-07-17 13:36:56+00:00,btc_mxn,1149140.0,1149820.0,0.059
2024-07-17 13:36:57+00:00,btc_mxn,1149140.0,1149820.0,0.059
2024-07-17 13:36:58+00:00,btc_mxn,1149140.0,1149820.0,0.059
2024-07-17 13:36:59+00:00,btc_mxn,1149140.0,1149820.0,0.059
2024-07-17 13:37:00+00:00,btc_mxn,1149140.0,1149820.0,0.059
2024-07-17 13:37:01+00:00,btc_mxn,1149140.0,1149820.0,0.059
2024-07-17 13:37:02+00:00,btc_mxn,1149140.0,1149820.0,0.059
2024-07-17 13:37:03+00:00,btc_mxn,1149140.0,1149820.0,0.059
2024-07-17 13:37:04+00:00,btc_mxn,1149140.0,1149820.0,0.059
2024-07-17 13:37:05+00:00,btc_mxn,1149140.0,1149820.0,0.059
2024-07-17 13:37:06+00:00,btc_mxn,1149140.0,1149820.0,0.059
2024-07-17 13:37:07+00:00,btc_mxn,1149140.0,1149820.0,0.059
2024-07-17 13:37:08+00:00,btc_mxn,1149140.0,1149820.0,0.059
2024-07-17 13:37:09+00:00,btc_mxn,1151499.98,1151500.02,0.0
2024-07-17 13:37:10+00:00,btc_mxn,1151499.98,1151500.02,0.0
2024-07-17 13:37:11+00:00,btc_mxn,1151499.98,1151500.02,0.0
2024-07-17 13:37:12+00:00,btc_mxn,1151499.98,1151500.02,0.0
2024-07-17 13:37:13+00:00,btc_mxn,1151499.98,1151500.02,0.0
2024-07-17 13:37:14+00:00,btc_mxn,1151499.98,1151500.02,0.0
2024-07-17 13:37:15+00:00,btc_mxn,1151499.98,1151500.02,0.0
2024-07-17 13:37:16+00:00,btc_mxn,1151499.98,1151500.02,0.0
2024-07-17 13:37:18+00:00,btc_mxn,1151499.98,1151500.02,0.0
2024-07-17 13:37:19+00:00,btc_mxn,1151499.98,1151500.02,0.0
2024-07-17 13:37:20+00:00,btc_mxn,1151499.98,1151500.02,0.0
2024-07-17 13:37:21+00:00,btc_mxn,1151499.98,1151500.02,0.0
2024-07-17 13:37:22+00:00,btc_mxn,1151499.98,1151500.02,0.0
2024-07-17 13:37:23+00:00,btc_mxn,1151499.98,1151500.02,0.0
2024-07-17 13:37:24+00:00,btc_mxn,1151499.98,1151500.02,0.0
2024-07-17 13:37:25+00:00,btc_mxn,1151499.98,1151500.02,0.0
2024-07-17 13:37:26+00:00,btc_mxn,1151499.98,1151500.02,0.0
2024-07-17 13:37:27+00:00,btc_mxn,1151499.98,1151500.02,0.0
2024-07-17 13:37:28+00:00,btc_mxn,1151499.98,1151500.02,0.0
2024-07-17 13:37:29+00:00,btc_mxn,1151499.98,1151500.02,0.0
2024-07-17 13:37:30+00:00,btc_mxn,1151499.98,1151500.02,0.0
2024-07-17 13:37:31+00:00,btc_mxn,1151499.98,1151500.02,0.0
2024-07-17 13:37:32+00:00,btc_mxn,1151499.98,1151500.02,0.0
2024-07-17 13:37:33+00:00,btc_mxn,1151499.98,1151500.02,0.0
2024-07-17 13:37:34+00:00,btc_mxn,1151499.98,1151500.02,0.0
2024-07-17 13:37:35+00:00,btc_mxn,1151499.98,1151500.02,0.0
2024-07-17 13:37:36+00:00,btc_mxn,1151499.98,1151500.02,0.0
2024-07-17 13:37:37+00:00,btc_mxn,1151499.98,1151500.02,0.0
2024-07-17 13:37:38+00:00,btc_mxn,1151499.98,1151500.02,0.0
2024-07-17 13:37:39+00:00,btc_mxn,1151499.98,1151500.02,0.0
2024-07-17 13:37:40+00:00,btc_mxn,1151499.98,1151500.02,0.0
2024-07-17 13:37:41+00:00,btc_mxn,1151499.98,1151500.02,0.0
2024-07-17 13:37:42+00:00,btc_mxn,1151499.98,1151500.02,0.0
2024-07-17 13:37:43+00:00,btc_mxn,1151499.98,1151500.02,0.0
2024-07-17 13:37:44+00:00,btc_mxn,1151499.98,1151500.02,0.0
2024-07-17 13:37:45+00:00,btc_mxn,1151499.98,1151500.02,0.0
2024-07-17 13:37:46+00:00,btc_mxn,1151499.98,1151500.02,0.0
2024-07-17 13:37:47+00:00,btc_mxn,1151499.98,1151500.02,0.0
2024-07-17 13:37:48+00:00,btc_mxn,1151499.98,1151500.02,0.0
2024-07-17 13:37:49+00:00,btc_mxn,1151499.98,1151500.02,0.0
2024-07-17 13:37:50+00:00,btc_mxn,1151499.98,1151500.02,0.0
2024-07-17 13:37:51+00:00,btc_mxn,1151499.98,1151500.02,0.0
2024-07-17 13:37:52+00:00,btc_mxn,1151499.98,1151500.02,0.0
2024-07-17 13:37:53+00:00,btc_mxn,1151499.98,1151500.02,0.0
2024-07-17 13:37:54+00:00,btc_mxn,1151499.98,1151500.02,0.0
2024-07-17 13:37:55+00:00,btc_mxn,1151499.98,1151500.02,0.0
2024-07-17 13:37:56+00:00,btc_mxn,1151499.98,1151500.02,0.0
2024-07-17 13:37:57+00:00,btc_mxn,1151499.98,1151500.02,0.0
2024-07-17 13:37:58+00:00,btc_mxn,1151499.98,1151500.02,0.0
2024-07-17 13:37:59+00:00,btc_mxn,1151499.98,1151500.02,0.0
2024-07-17 13:38:00+00:00,btc_mxn,1151499.98,1151500.02,0.0
2024-07-17 13:38:01+00:00,btc_mxn,1151499.98,1151500.02,0.0
2024-07-17 13:38:02+00:00,btc_mxn,1151499.98,1151500.02,0.0
2024-07-17 13:38:03+00:00,btc_mxn,1151499.98,1151500.02,0.0
2024-07-17 13:38:04+00:00,btc_mxn,1151499.98,1151500.02,0.0
2024-07-17 13:38:05+00:00,btc_mxn,1151499.98,1151500.02,0.0
2024-07-17 13:38:06+00:00,btc_mxn,1151499.98,1151500.02,0.0
2024-07-17 13:38:07+00:00,btc_mxn,1151499.98,1151500.02,0.0
2024-07-17 13:38:08+00:00,btc_mxn,1151499.98,1151500.02,0.0
2024-07-17 13:38:09+00:00,btc_mxn,1151499.98,1151500.02,0.0
2024-07-17 13:38:10+00:00,btc_mxn,1151499.98,1151500.02,0.0
2024-07-17 13:38:11+00:00,btc_mxn,1151499.98,1151500.02,0.0
2024-07-17 13:38:12+00:00,btc_mxn,1151499.98,1151500.02,0.0
2024-07-17 13:38:13+00:00,btc_mxn,1151499.98,1151500.02,0.0
2024-07-17 13:38:14+00:00,btc_mxn,1151499.98,1151500.02,0.0
2024-07-17 13:38:15+00:00,btc_mxn,1151499.98,1151500.02,0.0
2024-07-17 13:38:16+00:00,btc_mxn,1151499.98,1151500.02,0.0
2024-07-17 13:38:17+00:00,btc_mxn,1151499.98,1151500.02,0.0
2024-07-17 13:38:18+00:00,btc_mxn,1151499.98,1151500.02,0.0
2024-07-17 13:38:19+00:00,btc_mxn,1151499.98,1151500.02,0.0
2024-07-17 13:38:20+00:00,btc_mxn,1151499.98,1151500.02,0.0
2024-07-17 13:38:21+00:00,btc_mxn,1151499.98,1151500.02,0.0
2024-07-17 13:38:22+00:00,btc_mxn,1151499.98,1151500.02,0.0
2024-07-17 13:38:23+00:00,btc_mxn,1151499.98,1151500.02,0.0
2024-07-17 13:38:24+00:00,btc_mxn,1151499.98,1151500.02,0.0
2024-07-17 13:38:25+00:00,btc_mxn,1151499.98,1151500.02,0.0
2024-07-17 13:38:26+00:00,btc_mxn,1151499.98,1151500.02,0.0
2024-07-17 13:38:28+00:00,btc_mxn,1151499.98,1151500.02,0.0
2024-07-17 13:38:28+00:00,btc_mxn,1151499.98,1151500.02,0.0
2024-07-17 13:38:30+00:00,btc_mxn,1151499.98,1151500.02,0.0
2024-07-17 13:38:31+00:00,btc_mxn,1151499.98,1151500.02,0.0
2024-07-17 13:38:32+00:00,btc_mxn,1151499.98,1151500.02,0.0
2024-07-17 13:38:33+00:00,btc_mxn,1151499.98,1151500.02,0.0
2024-07-17 13:38:34+00:00,btc_mxn,1151499.98,1151500.02,0.0
2024-07-17 13:38:35+00:00,btc_mxn,1151499.98,1151500.02,0.0
2024-07-17 13:38:36+00:00,btc_mxn,1151499.98,1151500.02,0.0
2024-07-17 13:38:37+00:00,btc_mxn,1151499.98,1151500.02,0.0
2024-07-17 13:38:38+00:00,btc_mxn,1151499.98,1151500.02,0.0
2024-07-17 13:38:39+00:00,btc_mxn,1151499.98,1151500.02,0.0
2024-07-17 13:38:40+00:00,btc_mxn,1151499.98,1151500.02,0.0
2024-07-17 13:38:41+00:00,btc_mxn,1151499.98,1151500.02,0.0
2024-07-17 13:38:42+00:00,btc_mxn,1151499.98,1151500.02,0.0
2024-07-17 13:38:43+00:00,btc_mxn,1151499.98,1151500.02,0.0
2024-07-17 13:38:44+00:00,btc_mxn,1151499.98,1151500.02,0.0
2024-07-17 13:38:45+00:00,btc_mxn,1151499.98,1151500.02,0.0
2024-07-17 13:38:46+00:00,btc_mxn,1151499.98,1151500.02,0.0
2024-07-17 13:38:47+00:00,btc_mxn,1151499.98,1151500.02,0.0
2024-07-17 13:38:48+00:00,btc_mxn,1151499.98,1151500.02,0.0
2024-07-17 13:38:49+00:00,btc_mxn,1151499.98,1151500.02,0.0
2024-07-17 13:38:50+00:00,btc_mxn,1151499.98,1151500.02,0.0
2024-07-17 13:38:51+00:00,btc_mxn,1151499.98,1151500.02,0.0
2024-07-17 13:38:52+00:00,btc_mxn,1151499.98,1151500.02,0.0
2024-07-17 13:38:53+00:00,btc_mxn,1151499.98,1151500.02,0.0
2024-07-17 13:38:54+00:00,btc_mxn,1151499.98,1151500.02,0.0
2024-07-17 13:38:56+00:00,btc_mxn,1151499.98,1151500.02,0.0
2024-07-17 13:38:57+00:00,btc_mxn,1151499.98,1151500.02,0.0
2024-07-17 13:38:58+00:00,btc_mxn,1151499.98,1151500.02,0.0
2024-07-17 13:38:59+00:00,btc_mxn,1151499.98,1151500.02,0.0
2024-07-17 13:39:00+00:00,btc_mxn,1151499.98,1151500.02,0.0
2024-07-17 13:39:01+00:00,btc_mxn,1151499.98,1151500.02,0.0
2024-07-17 13:39:02+00:00,btc_mxn,1151499.98,1151500.02,0.0
2024-07-17 13:39:03+00:00,btc_mxn,1151499.98,1151500.02,0.0
2024-07-17 13:39:04+00:00,btc_mxn,1151499.98,1151500.02,0.0
2024-07-17 13:39:05+00:00,btc_mxn,1151499.98,1151500.02,0.0
2024-07-17 13:39:06+00:00,btc_mxn,1151499.98,1151500.02,0.0
2024-07-17 13:39:07+00:00,btc_mxn,1151499.98,1151500.02,0.0
2024-07-17 13:39:08+00:00,btc_mxn,1151499.98,1151500.02,0.0
2024-07-17 13:39:09+00:00,btc_mxn,1151499.98,1151500.02,0.0
2024-07-17 13:39:10+00:00,btc_mxn,1151499.98,1151500.02,0.0
2024-07-17 13:39:11+00:00,btc_mxn,1151499.98,1151500.02,0.0
2024-07-17 13:39:12+00:00,btc_mxn,1151499.98,1151500.02,0.0
2024-07-17 13:39:13+00:00,btc_mxn,1151499.98,1151500.02,0.0
2024-07-17 13:39:14+00:00,btc_mxn,1151499.98,1151500.02,0.0
2024-07-17 13:39:15+00:00,btc_mxn,1151499.98,1151500.02,0.0
2024-07-17 13:39:16+00:00,btc_mxn,1151499.98,1151500.02,0.0
2024-07-17 13:39:18+00:00,btc_mxn,1151499.98,1151500.02,0.0
2024-07-17 13:39:19+00:00,btc_mxn,1151499.98,1151500.02,0.0
2024-07-17 13:39:20+00:00,btc_mxn,1151499.98,1151500.02,0.0
2024-07-17 13:39:21+00:00,btc_mxn,1151499.98,1151500.02,0.0
2024-07-17 13:39:22+00:00,btc_mxn,1151499.98,1151500.02,0.0
2024-07-17 13:39:23+00:00,btc_mxn,1151499.98,1151500.02,0.0
2024-07-17 13:39:24+00:00,btc_mxn,1151499.98,1151500.02,0.0
2024-07-17 13:39:25+00:00,btc_mxn,1151499.98,1151500.02,0.0
2024-07-17 13:39:26+00:00,btc_mxn,1151499.98,1151500.02,0.0
2024-07-17 13:39:27+00:00,btc_mxn,1151499.98,1151500.02,0.0
2024-07-17 13:39:28+00:00,btc_mxn,1151499.98,1151500.02,0.0
2024-07-17 13:39:29+00:00,btc_mxn,1151499.98,1151500.02,0.0
2024-07-17 13:39:30+00:00,btc_mxn,1151499.98,1151500.02,0.0
2024-07-17 13:39:31+00:00,btc_mxn,1151499.98,1151500.02,0.0
2024-07-17 13:39:32+00:00,btc_mxn,1151499.98,1151500.02,0.0
2024-07-17 13:39:33+00:00,btc_mxn,1151499.98,1151500.02,0.0
2024-07-17 13:39:34+00:00,btc_mxn,1151499.98,1151500.02,0.0
2024-07-17 13:39:35+00:00,btc_mxn,1151499.98,1151500.02,0.0
2024-07-17 13:39:36+00:00,btc_mxn,1151499.98,1151500.02,0.0
2024-07-17 13:39:37+00:00,btc_mxn,1151499.98,1151500.02,0.0
2024-07-17 13:39:38+00:00,btc_mxn,1151499.98,1151500.02,0.0
2024-07-17 13:39:39+00:00,btc_mxn,1151499.98,1151500.02,0.0
2024-07-17 13:39:40+00:00,btc_mxn,1151499.98,1151500.02,0.0
2024-07-17 13:39:41+00:00,btc_mxn,1151499.98,1151500.02,0.0
2024-07-17 13:39:42+00:00,btc_mxn,1151499.98,1151500.02,0.0
2024-07-17 13:39:43+00:00,btc_mxn,1151499.98,1151500.02,0.0
2024-07-17 13:39:44+00:00,btc_mxn,1151499.98,1151500.02,0.0
2024-07-17 13:39:45+00:00,btc_mxn,1151499.98,1151500.02,0.0
2024-07-17 13:39:46+00:00,btc_mxn,1151499.98,1151500.02,0.0
2024-07-17 13:39:48+00:00,btc_mxn,1151499.98,1151500.02,0.0
2024-07-17 13:39:49+00:00,btc_mxn,1151499.98,1151500.02,0.0
2024-07-17 13:39:50+00:00,btc_mxn,1151499.98,1151500.02,0.0
2024-07-17 13:39:51+00:00,btc_mxn,1151499.98,1151500.02,0.0
2024-07-17 13:39:52+00:00,btc_mxn,1151499.98,1151500.02,0.0
2024-07-17 13:39:53+00:00,btc_mxn,1151499.98,1151500.02,0.0
2024-07-17 13:39:54+00:00,btc_mxn,1151499.98,1151500.02,0.0
2024-07-17 13:39:55+00:00,btc_mxn,1151499.98,1151500.02,0.0
2024-07-17 13:39:56+00:00,btc_mxn,1151499.98,1151500.02,0.0
2024-07-17 13:39:57+00:00,btc_mxn,1151499.98,1151500.02,0.0
2024-07-17 13:39:58+00:00,btc_mxn,1151499.98,1151500.02,0.0
2024-07-17 13:39:59+00:00,btc_mxn,1151499.98,1151500.02,0.0
2024-07-17 13:40:00+00:00,btc_mxn,1151499.98,1151500.02,0.0
2024-07-17 13:40:01+00:00,btc_mxn,1151499.98,1151500.02,0.0
2024-07-17 13:40:02+00:00,btc_mxn,1151499.98,1151500.02,0.0
2024-07-17 13:40:03+00:00,btc_mxn,1151500.0,1151500.02,0.0
2024-07-17 13:40:04+00:00,btc_mxn,1151500.0,1151500.02,0.0
2024-07-17 13:40:05+00:00,btc_mxn,1151500.0,1151500.02,0.0
2024-07-17 13:40:06+00:00,btc_mxn,1151500.0,1151500.02,0.0
2024-07-17 13:40:07+00:00,btc_mxn,1151500.0,1151500.02,0.0
2024-07-17 13:40:08+00:00,btc_mxn,1151500.0,1151500.02,0.0
2024-07-17 13:40:09+00:00,btc_mxn,1151500.0,1151500.02,0.0
2024-07-17 13:40:10+00:00,btc_mxn,1151500.0,1151500.02,0.0
2024-07-17 13:40:11+00:00,btc_mxn,1151500.0,1151500.02,0.0
2024-07-17 13:40:12+00:00,btc_mxn,1151500.0,1151500.02,0.0
2024-07-17 13:40:13+00:00,btc_mxn,1151500.0,1151500.02,0.0
2024-07-17 13:40:14+00:00,btc_mxn,1151500.0,1151500.02,0.0
2024-07-17 13:40:15+00:00,btc_mxn,1151500.0,1151500.02,0.0
2024-07-17 13:40:16+00:00,btc_mxn,1151500.0,1151500.02,0.0
2024-07-17 13:40:17+00:00,btc_mxn,1151500.0,1151500.02,0.0
2024-07-17 13:40:18+00:00,btc_mxn,1151500.0,1151500.02,0.0
2024-07-17 13:40:19+00:00,btc_mxn,1151500.0,1151500.02,0.0
2024-07-17 13:40:20+00:00,btc_mxn,1151500.0,1151500.02,0.0
2024-07-17 13:40:21+00:00,btc_mxn,1151500.0,1151500.02,0.0
2024-07-17 13:40:22+00:00,btc_mxn,1151500.0,1151500.02,0.0
2024-07-17 13:40:23+00:00,btc_mxn,1151500.0,1151500.02,0.0
2024-07-17 13:40:24+00:00,btc_mxn,1151500.0,1151500.02,0.0
2024-07-17 13:40:25+00:00,btc_mxn,1151500.0,1151500.02,0.0
2024-07-17 13:40:26+00:00,btc_mxn,1151500.0,1151500.02,0.0
2024-07-17 13:40:28+00:00,btc_mxn,1151500.0,1151500.02,0.0
2024-07-17 13:40:28+00:00,btc_mxn,1151500.0,1151500.02,0.0
2024-07-17 13:40:29+00:00,btc_mxn,1151500.0,1151500.02,0.0
2024-07-17 13:40:31+00:00,btc_mxn,1151500.0,1151500.02,0.0
2024-07-17 13:40:32+00:00,btc_mxn,1151500.0,1151500.02,0.0
2024-07-17 13:40:33+00:00,btc_mxn,1151500.0,1151500.02,0.0
2024-07-17 13:40:34+00:00,btc_mxn,1151500.0,1151500.02,0.0
2024-07-17 13:40:35+00:00,btc_mxn,1151500.0,1151500.02,0.0
2024-07-17 13:40:36+00:00,btc_mxn,1151500.0,1151500.02,0.0
2024-07-17 13:40:37+00:00,btc_mxn,1151500.0,1151500.02,0.0
2024-07-17 13:40:38+00:00,btc_mxn,1151500.0,1151500.02,0.0
2024-07-17 13:40:39+00:00,btc_mxn,1151500.0,1151500.02,0.0
2024-07-17 13:40:40+00:00,btc_mxn,1151500.0,1151500.02,0.0
2024-07-17 13:40:41+00:00,btc_mxn,1151500.0,1151500.02,0.0
2024-07-17 13:40:42+00:00,btc_mxn,1151500.0,1151500.02,0.0
2024-07-17 13:40:43+00:00,btc_mxn,1151500.0,1151500.02,0.0
2024-07-17 13:40:44+00:00,btc_mxn,1151500.0,1151500.02,0.0
2024-07-17 13:40:45+00:00,btc_mxn,1151500.0,1151500.02,0.0
2024-07-17 13:40:46+00:00,btc_mxn,1151500.0,1151500.02,0.0
2024-07-17 13:40:47+00:00,btc_mxn,1151500.0,1151500.02,0.0
2024-07-17 13:40:48+00:00,btc_mxn,1151500.0,1151500.02,0.0
2024-07-17 13:40:49+00:00,btc_mxn,1151500.0,1151500.02,0.0
2024-07-17 13:40:50+00:00,btc_mxn,1151500.0,1151500.02,0.0
2024-07-17 13:40:51+00:00,btc_mxn,1151500.0,1151500.02,0.0
2024-07-17 13:40:52+00:00,btc_mxn,1151500.0,1151500.02,0.0
2024-07-17 13:40:53+00:00,btc_mxn,1151500.0,1151500.02,0.0
2024-07-17 13:40:54+00:00,btc_mxn,1151500.0,1151500.02,0.0
2024-07-17 13:40:55+00:00,btc_mxn,1151500.0,1151500.02,0.0
2024-07-17 13:40:56+00:00,btc_mxn,1151500.0,1151500.02,0.0
2024-07-17 13:40:57+00:00,btc_mxn,1151500.0,1151500.02,0.0
2024-07-17 13:40:58+00:00,btc_mxn,1151500.0,1151500.02,0.0
2024-07-17 13:41:00+00:00,btc_mxn,1151500.0,1151500.02,0.0
2024-07-17 13:41:01+00:00,btc_mxn,1151500.0,1151500.02,0.0
2024-07-17 13:41:02+00:00,btc_mxn,1151500.0,1151500.02,0.0
2024-07-17 13:41:03+00:00,btc_mxn,1151500.0,1151500.02,0.0
2024-07-17 13:41:04+00:00,btc_mxn,1151500.0,1151500.02,0.0
2024-07-17 13:41:05+00:00,btc_mxn,1151500.0,1151500.02,0.0
2024-07-17 13:41:06+00:00,btc_mxn,1151500.0,1151500.02,0.0
2024-07-17 13:41:07+00:00,btc_mxn,1151500.0,1151500.02,0.0
2024-07-17 13:41:08+00:00,btc_mxn,1151500.0,1151500.02,0.0
2024-07-17 13:41:09+00:00,btc_mxn,1151500.0,1151500.02,0.0
2024-07-17 13:41:10+00:00,btc_mxn,1151500.0,1151500.02,0.0
2024-07-17 13:41:11+00:00,btc_mxn,1151499.98,1151500.02,0.0
2024-07-17 13:41:12+00:00,btc_mxn,1151499.98,1151500.02,0.0
2024-07-17 13:41:13+00:00,btc_mxn,1151499.98,1151500.02,0.0
2024-07-17 13:41:14+00:00,btc_mxn,1151499.98,1151500.02,0.0
2024-07-17 13:41:15+00:00,btc_mxn,1151499.98,1151500.02,0.0
2024-07-17 13:41:16+00:00,btc_mxn,1151499.98,1151500.02,0.0
2024-07-17 13:41:17+00:00,btc_mxn,1151499.98,1151500.02,0.0
2024-07-17 13:41:18+00:00,btc_mxn,1151499.98,1151500.02,0.0
2024-07-17 13:41:19+00:00,btc_mxn,1151499.98,1151500.02,0.0
2024-07-17 13:41:20+00:00,btc_mxn,1151499.98,1151500.02,0.0
2024-07-17 13:41:22+00:00,btc_mxn,1151499.98,1151500.02,0.0
2024-07-17 13:41:22+00:00,btc_mxn,1151499.98,1151500.02,0.0
2024-07-17 13:41:23+00:00,btc_mxn,1151499.98,1151500.02,0.0
2024-07-17 13:41:24+00:00,btc_mxn,1151499.98,1151500.02,0.0
2024-07-17 13:41:25+00:00,btc_mxn,1151499.98,1151500.02,0.0
2024-07-17 13:41:26+00:00,btc_mxn,1151499.98,1151500.02,0.0
2024-07-17 13:41:27+00:00,btc_mxn,1151499.98,1151500.02,0.0
2024-07-17 13:41:28+00:00,btc_mxn,1151499.98,1151500.02,0.0
2024-07-17 13:41:29+00:00,btc_mxn,1151499.98,1151500.02,0.0
2024-07-17 13:41:30+00:00,btc_mxn,1151499.98,1151500.02,0.0
2024-07-17 13:41:31+00:00,btc_mxn,1151499.98,1151500.02,0.0
2024-07-17 13:41:32+00:00,btc_mxn,1151499.98,1151500.02,0.0
2024-07-17 13:41:34+00:00,btc_mxn,1151499.98,1151500.02,0.0
2024-07-17 13:41:35+00:00,btc_mxn,1151499.98,1151500.02,0.0
2024-07-17 13:41:36+00:00,btc_mxn,1151499.98,1151500.02,0.0
2024-07-17 13:41:37+00:00,btc_mxn,1151499.98,1151500.02,0.0
2024-07-17 13:41:38+00:00,btc_mxn,1151499.98,1151500.02,0.0
2024-07-17 13:41:39+00:00,btc_mxn,1151499.98,1151500.02,0.0
2024-07-17 13:41:40+00:00,btc_mxn,1151499.98,1151500.02,0.0
2024-07-17 13:41:41+00:00,btc_mxn,1151499.98,1151500.02,0.0
2024-07-17 13:41:42+00:00,btc_mxn,1151499.98,1151500.02,0.0
2024-07-17 13:41:43+00:00,btc_mxn,1151499.98,1151500.02,0.0
2024-07-17 13:41:44+00:00,btc_mxn,1151499.98,1151500.02,0.0
2024-07-17 13:41:45+00:00,btc_mxn,1151499.98,1151500.02,0.0
2024-07-17 13:41:46+00:00,btc_mxn,1151499.98,1151500.02,0.0
2024-07-17 13:41:47+00:00,btc_mxn,1151499.98,1151500.02,0.0
2024-07-17 13:41:48+00:00,btc_mxn,1151499.98,1151500.02,0.0
2024-07-17 13:41:49+00:00,btc_mxn,1151499.98,1151500.02,0.0
2024-07-17 13:41:50+00:00,btc_mxn,1151499.98,1151500.02,0.0
2024-07-17 13:41:51+00:00,btc_mxn,1151499.98,1151500.02,0.0
2024-07-17 13:41:52+00:00,btc_mxn,1151499.98,1151500.02,0.0
2024-07-17 13:41:53+00:00,btc_mxn,1151499.98,1151500.02,0.0
2024-07-17 13:41:54+00:00,btc_mxn,1151499.98,1151500.02,0.0
2024-07-17 13:41:55+00:00,btc_mxn,1151499.98,1151500.02,0.0
2024-07-17 13:41:56+00:00,btc_mxn,1151499.98,1151500.02,0.0
2024-07-17 13:41:57+00:00,btc_mxn,1151499.98,1151500.02,0.0
2024-07-17 13:41:58+00:00,btc_mxn,1151499.98,1151500.02,0.0
2024-07-17 13:41:59+00:00,btc_mxn,1151499.98,1151500.02,0.0
2024-07-17 13:42:00+00:00,btc_mxn,1151499.98,1151500.02,0.0
2024-07-17 13:42:01+00:00,btc_mxn,1151499.98,1151500.02,0.0
2024-07-17 13:42:02+00:00,btc_mxn,1151499.98,1151500.02,0.0
2024-07-17 13:42:04+00:00,btc_mxn,1151499.98,1151500.02,0.0
2024-07-17 13:42:05+00:00,btc_mxn,1151499.98,1151500.02,0.0
2024-07-17 13:42:06+00:00,btc_mxn,1151499.98,1151500.02,0.0
2024-07-17 13:42:07+00:00,btc_mxn,1151499.98,1151500.02,0.0
2024-07-17 13:42:08+00:00,btc_mxn,1151499.98,1151500.02,0.0
2024-07-17 13:42:09+00:00,btc_mxn,1149409.98,1149410.02,0.0
2024-07-17 13:42:10+00:00,btc_mxn,1149409.98,1149410.02,0.0
2024-07-17 13:42:11+00:00,btc_mxn,1149409.98,1149410.02,0.0
2024-07-17 13:42:12+00:00,btc_mxn,1149409.98,1149410.02,0.0
2024-07-17 13:42:13+00:00,btc_mxn,1149409.98,1149410.02,0.0
2024-07-17 13:42:14+00:00,btc_mxn,1149409.98,1149410.02,0.0
2024-07-17 13:42:15+00:00,btc_mxn,1149409.98,1149410.02,0.0
2024-07-17 13:42:16+00:00,btc_mxn,1149409.98,1149410.02,0.0
2024-07-17 13:42:17+00:00,btc_mxn,1149409.98,1149410.02,0.0
2024-07-17 13:42:18+00:00,btc_mxn,1149409.98,1149410.02,0.0
2024-07-17 13:42:19+00:00,btc_mxn,1149409.98,1149410.02,0.0
2024-07-17 13:42:20+00:00,btc_mxn,1149409.98,1149410.02,0.0
2024-07-17 13:42:21+00:00,btc_mxn,1149409.98,1149410.02,0.0
2024-07-17 13:42:22+00:00,btc_mxn,1149409.98,1149410.02,0.0
2024-07-17 13:42:23+00:00,btc_mxn,1149409.98,1149410.02,0.0
2024-07-17 13:42:24+00:00,btc_mxn,1149409.98,1149410.02,0.0
2024-07-17 13:42:25+00:00,btc_mxn,1149409.98,1149410.02,0.0
2024-07-17 13:42:26+00:00,btc_mxn,1149409.98,1149410.02,0.0
2024-07-17 13:42:27+00:00,btc_mxn,1149409.98,1149410.02,0.0
2024-07-17 13:42:28+00:00,btc_mxn,1149409.98,1149410.02,0.0
2024-07-17 13:42:29+00:00,btc_mxn,1149409.98,1149410.02,0.0
2024-07-17 13:42:30+00:00,btc_mxn,1149409.98,1149410.02,0.0
2024-07-17 13:42:31+00:00,btc_mxn,1149409.98,1149410.02,0.0
2024-07-17 13:42:32+00:00,btc_mxn,1149409.98,1149410.02,0.0
2024-07-17 13:42:34+00:00,btc_mxn,1149409.98,1149410.02,0.0
2024-07-17 13:42:35+00:00,btc_mxn,1149409.98,1149410.02,0.0
2024-07-17 13:42:36+00:00,btc_mxn,1149409.98,1149410.02,0.0
2024-07-17 13:42:37+00:00,btc_mxn,1149409.98,1149410.02,0.0
2024-07-17 13:42:38+00:00,btc_mxn,1149409.98,1149410.02,0.0
2024-07-17 13:42:39+00:00,btc_mxn,1149409.98,1149410.02,0.0
2024-07-17 13:42:40+00:00,btc_mxn,1149409.98,1149410.02,0.0
2024-07-17 13:42:41+00:00,btc_mxn,1149409.98,1149410.02,0.0
2024-07-17 13:42:43+00:00,btc_mxn,1149409.98,1149410.02,0.0
2024-07-17 13:42:44+00:00,btc_mxn,1149409.98,1149410.02,0.0
2024-07-17 13:42:45+00:00,btc_mxn,1149409.98,1149410.02,0.0
2024-07-17 13:42:46+00:00,btc_mxn,1149409.98,1149410.02,0.0
2024-07-17 13:42:47+00:00,btc_mxn,1149409.98,1149410.02,0.0
2024-07-17 13:42:48+00:00,btc_mxn,1149409.98,1149410.02,0.0
2024-07-17 13:42:49+00:00,btc_mxn,1149409.98,1149410.02,0.0
2024-07-17 13:42:50+00:00,btc_mxn,1149409.98,1149410.02,0.0
2024-07-17 13:42:51+00:00,btc_mxn,1149409.98,1149410.02,0.0
2024-07-17 13:42:52+00:00,btc_mxn,1149409.98,1149410.02,0.0
2024-07-17 13:42:53+00:00,btc_mxn,1149409.98,1149410.02,0.0
2024-07-17 13:42:54+00:00,btc_mxn,1149409.98,1149410.02,0.0
2024-07-17 13:42:55+00:00,btc_mxn,1149409.98,1149410.02,0.0
2024-07-17 13:42:56+00:00,btc_mxn,1149409.98,1149410.02,0.0
2024-07-17 13:42:57+00:00,btc_mxn,1149409.98,1149410.02,0.0
2024-07-17 13:42:58+00:00,btc_mxn,1149409.98,1149410.02,0.0
2024-07-17 13:42:59+00:00,btc_mxn,1149409.98,1149410.02,0.0
2024-07-17 13:43:00+00:00,btc_mxn,1149409.98,1149410.02,0.0
2024-07-17 13:43:01+00:00,btc_mxn,1149409.98,1149410.02,0.0
2024-07-17 13:43:02+00:00,btc_mxn,1149409.98,1149410.02,0.0
2024-07-17 13:43:03+00:00,btc_mxn,1149409.98,1149410.02,0.0
2024-07-17 13:43:04+00:00,btc_mxn,1149409.98,1149410.02,0.0
2024-07-17 13:43:05+00:00,btc_mxn,1149409.98,1149410.02,0.0
2024-07-17 13:43:06+00:00,btc_mxn,1149409.98,1149410.02,0.0
2024-07-17 13:43:07+00:00,btc_mxn,1149409.98,1149410.02,0.0
2024-07-17 13:43:08+00:00,btc_mxn,1149409.98,1149410.02,0.0
2024-07-17 13:43:09+00:00,btc_mxn,1149409.98,1149410.02,0.0
2024-07-17 13:43:10+00:00,btc_mxn,1149409.98,1149410.02,0.0
2024-07-17 13:43:11+00:00,btc_mxn,1149409.98,1149410.02,0.0
2024-07-17 13:43:12+00:00,btc_mxn,1149409.98,1149410.02,0.0
2024-07-17 13:43:13+00:00,btc_mxn,1149409.98,1149410.02,0.0
2024-07-17 13:43:14+00:00,btc_mxn,1149409.98,1149410.02,0.0
2024-07-17 13:43:15+00:00,btc_mxn,1149409.98,1149410.02,0.0
2024-07-17 13:43:16+00:00,btc_mxn,1149409.98,1149410.02,0.0
2024-07-17 13:43:17+00:00,btc_mxn,1149409.98,1149410.02,0.0
2024-07-17 13:43:18+00:00,btc_mxn,1149409.98,1149410.02,0.0
2024-07-17 13:43:19+00:00,btc_mxn,1149409.98,1149410.02,0.0
2024-07-17 13:43:20+00:00,btc_mxn,1149409.98,1149410.02,0.0
2024-07-17 13:43:21+00:00,btc_mxn,1149409.98,1149410.02,0.0
2024-07-17 13:43:22+00:00,btc_mxn,1149409.98,1149410.02,0.0
2024-07-17 13:43:23+00:00,btc_mxn,1149409.98,1149410.02,0.0
2024-07-17 13:43:24+00:00,btc_mxn,1149409.98,1149410.02,0.0
2024-07-17 13:43:25+00:00,btc_mxn,1149409.98,1149410.02,0.0
2024-07-17 13:43:26+00:00,btc_mxn,1149409.98,1149410.02,0.0
2024-07-17 13:43:27+00:00,btc_mxn,1149409.98,1149410.02,0.0
2024-07-17 13:43:28+00:00,btc_mxn,1149409.98,1149410.02,0.0
2024-07-17 13:43:29+00:00,btc_mxn,1149409.98,1149410.02,0.0
2024-07-17 13:43:30+00:00,btc_mxn,1149409.98,1149410.02,0.0
2024-07-17 13:43:31+00:00,btc_mxn,1149409.98,1149410.02,0.0
2024-07-17 13:43:32+00:00,btc_mxn,1149409.98,1149410.02,0.0
2024-07-17 13:43:33+00:00,btc_mxn,1149409.98,1149410.02,0.0
2024-07-17 13:43:34+00:00,btc_mxn,1149409.98,1149410.02,0.0
2024-07-17 13:43:35+00:00,btc_mxn,1149409.98,1149410.02,0.0
2024-07-17 13:43:36+00:00,btc_mxn,1149409.98,1149410.02,0.0
2024-07-17 13:43:37+00:00,btc_mxn,1149409.98,1149410.02,0.0
2024-07-17 13:43:38+00:00,btc_mxn,1149409.98,1149410.02,0.0
2024-07-17 13:43:39+00:00,btc_mxn,1149409.98,1149410.02,0.0
2024-07-17 13:43:40+00:00,btc_mxn,1149409.98,1149410.02,0.0
2024-07-17 13:43:41+00:00,btc_mxn,1149409.98,1149410.02,0.0
2024-07-17 13:43:42+00:00,btc_mxn,1149409.98,1149410.02,0.0
2024-07-17 13:43:43+00:00,btc_mxn,1149409.98,1149410.02,0.0
2024-07-17 13:43:44+00:00,btc_mxn,1149409.98,1149410.02,0.0
2024-07-17 13:43:45+00:00,btc_mxn,1149409.98,1149410.02,0.0
2024-07-17 13:43:47+00:00,btc_mxn,1149409.98,1149410.02,0.0
2024-07-17 13:43:48+00:00,btc_mxn,1149409.98,1149410.02,0.0
2024-07-17 13:43:49+00:00,btc_mxn,1149409.98,1149410.02,0.0
2024-07-17 13:43:50+00:00,btc_mxn,1149409.98,1149410.02,0.0
2024-07-17 13:43:51+00:00,btc_mxn,1149409.98,1149410.02,0.0
2024-07-17 13:43:52+00:00,btc_mxn,1149409.98,1149410.02,0.0
2024-07-17 13:43:53+00:00,btc_mxn,1149409.98,1149410.02,0.0
2024-07-17 13:43:54+00:00,btc_mxn,1149409.98,1149410.02,0.0
2024-07-17 13:43:55+00:00,btc_mxn,1149409.98,1149410.02,0.0
2024-07-17 13:43:56+00:00,btc_mxn,1149409.98,1149410.02,0.0
2024-07-17 13:43:57+00:00,btc_mxn,1149409.98,1149410.02,0.0
2024-07-17 13:43:58+00:00,btc_mxn,1149409.98,1149410.02,0.0
2024-07-17 13:43:59+00:00,btc_mxn,1149409.98,1149410.02,0.0
2024-07-17 13:44:00+00:00,btc_mxn,1149409.98,1149410.02,0.0
2024-07-17 13:44:01+00:00,btc_mxn,1149409.98,1149410.02,0.0
2024-07-17 13:44:02+00:00,btc_mxn,1149409.98,1149410.02,0.0
2024-07-17 13:44:03+00:00,btc_mxn,1149409.98,1149410.02,0.0
2024-07-17 13:44:04+00:00,btc_mxn,1149409.98,1149410.02,0.0
2024-07-17 13:44:05+00:00,btc_mxn,1149409.98,1149410.02,0.0
2024-07-17 13:44:07+00:00,btc_mxn,1149409.98,1149410.02,0.0
2024-07-17 13:44:08+00:00,btc_mxn,1149409.98,1149410.02,0.0
2024-07-17 13:44:09+00:00,btc_mxn,1149409.98,1149410.02,0.0
2024-07-17 13:44:10+00:00,btc_mxn,1149409.98,1149410.02,0.0
2024-07-17 13:44:11+00:00,btc_mxn,1149409.98,1149410.02,0.0
2024-07-17 13:44:12+00:00,btc_mxn,1149409.98,1149410.02,0.0
2024-07-17 13:44:13+00:00,btc_mxn,1149409.98,1149410.02,0.0
2024-07-17 13:44:14+00:00,btc_mxn,1149409.98,1149410.02,0.0
2024-07-17 13:44:15+00:00,btc_mxn,1149409.98,1149410.02,0.0
2024-07-17 13:44:16+00:00,btc_mxn,1149409.98,1149410.02,0.0
2024-07-17 13:44:17+00:00,btc_mxn,1149409.98,1149410.02,0.0
2024-07-17 13:44:18+00:00,btc_mxn,1149409.98,1149410.02,0.0
2024-07-17 13:44:19+00:00,btc_mxn,1149409.98,1149410.02,0.0
2024-07-17 13:44:20+00:00,btc_mxn,1149409.98,1149410.02,0.0
2024-07-17 13:44:21+00:00,btc_mxn,1149409.98,1149410.02,0.0
2024-07-17 13:44:22+00:00,btc_mxn,1149409.98,1149410.02,0.0
2024-07-17 13:44:23+00:00,btc_mxn,1149409.98,1149410.02,0.0
2024-07-17 13:44:24+00:00,btc_mxn,1149409.98,1149410.02,0.0
2024-07-17 13:44:25+00:00,btc_mxn,1149409.98,1149410.02,0.0
2024-07-17 13:44:26+00:00,btc_mxn,1149409.98,1149410.02,0.0
2024-07-17 13:44:27+00:00,btc_mxn,1149409.98,1149410.02,0.0
2024-07-17 13:44:28+00:00,btc_mxn,1149409.98,1149410.02,0.0
2024-07-17 13:44:29+00:00,btc_mxn,1149409.98,1149410.02,0.0
2024-07-17 13:44:30+00:00,btc_mxn,1149409.98,1149410.02,0.0
2024-07-17 13:44:31+00:00,btc_mxn,1149409.98,1149410.02,0.0
2024-07-17 13:44:32+00:00,btc_mxn,1149409.98,1149410.02,0.0
2024-07-17 13:44:33+00:00,btc_mxn,1149409.98,1149410.02,0.0
2024-07-17 13:44:34+00:00,btc_mxn,1149409.98,1149410.02,0.0
2024-07-17 13:44:35+00:00,btc_mxn,1149409.98,1149410.02,0.0
2024-07-17 13:44:36+00:00,btc_mxn,1149409.98,1149410.02,0.0
2024-07-17 13:44:37+00:00,btc_mxn,1149409.98,1149410.02,0.0
2024-07-17 13:44:38+00:00,btc_mxn,1149409.98,1149410.02,0.0
2024-07-17 13:44:39+00:00,btc_mxn,1149409.98,1149410.02,0.0
2024-07-17 13:44:40+00:00,btc_mxn,1149409.98,1149410.02,0.0
2024-07-17 13:44:41+00:00,btc_mxn,1149409.98,1149410.02,0.0
2024-07-17 13:44:42+00:00,btc_mxn,1149409.98,1149410.02,0.0
2024-07-17 13:44:43+00:00,btc_mxn,1149409.98,1149410.02,0.0
2024-07-17 13:44:44+00:00,btc_mxn,1149409.98,1149410.02,0.0
2024-07-17 13:44:45+00:00,btc_mxn,1149409.98,1149410.02,0.0
2024-07-17 13:44:46+00:00,btc_mxn,1149409.98,1149410.02,0.0
2024-07-17 13:44:47+00:00,btc_mxn,1149409.98,1149410.02,0.0
2024-07-17 13:44:48+00:00,btc_mxn,1149409.98,1149410.02,0.0
2024-07-17 13:44:49+00:00,btc_mxn,1149409.98,1149410.02,0.0
2024-07-17 13:44:50+00:00,btc_mxn,1149409.98,1149410.02,0.0
2024-07-17 13:44:51+00:00,btc_mxn,1149409.98,1149410.02,0.0
2024-07-17 13:44:52+00:00,btc_mxn,1149409.98,1149410.02,0.0
2024-07-17 13:44:53+00:00,btc_mxn,1149409.98,1149410.02,0.0
2024-07-17 13:44:54+00:00,btc_mxn,1149409.98,1149410.02,0.0
2024-07-17 13:44:55+00:00,btc_mxn,1149409.98,1149410.02,0.0
2024-07-17 13:44:56+00:00,btc_mxn,1149409.98,1149410.02,0.0
2024-07-17 13:44:57+00:00,btc_mxn,1149409.98,1149410.02,0.0
2024-07-17 13:44:58+00:00,btc_mxn,1149409.98,1149410.02,0.0
2024-07-17 13:44:59+00:00,btc_mxn,1149409.98,1149410.02,0.0
2024-07-17 13:45:01+00:00,btc_mxn,1149409.98,1149410.02,0.0
2024-07-17 13:45:02+00:00,btc_mxn,1149409.98,1149410.02,0.0
2024-07-17 13:45:03+00:00,btc_mxn,1149409.98,1149410.02,0.0
2024-07-17 13:45:04+00:00,btc_mxn,1149409.98,1149410.02,0.0
2024-07-17 13:45:05+00:00,btc_mxn,1149409.98,1149410.02,0.0
2024-07-17 13:45:06+00:00,btc_mxn,1149409.98,1149410.02,0.0
2024-07-17 13:45:07+00:00,btc_mxn,1149409.98,1149410.02,0.0
2024-07-17 13:45:08+00:00,btc_mxn,1149409.98,1149410.02,0.0
2024-07-17 13:45:09+00:00,btc_mxn,1149409.98,1149410.02,0.0
2024-07-17 13:45:10+00:00,btc_mxn,1149409.98,1149410.02,0.0
2024-07-17 13:45:11+00:00,btc_mxn,1149409.98,1149410.02,0.0
2024-07-17 13:45:12+00:00,btc_mxn,1149409.98,1149410.02,0.0
2024-07-17 13:45:13+00:00,btc_mxn,1149409.98,1149410.02,0.0
2024-07-17 13:45:14+00:00,btc_mxn,1149409.98,1149410.02,0.0
2024-07-17 13:45:15+00:00,btc_mxn,1149409.98,1149410.02,0.0
2024-07-17 13:45:16+00:00,btc_mxn,1149409.98,1149410.02,0.0
2024-07-17 13:45:17+00:00,btc_mxn,1149409.98,1149410.02,0.0
2024-07-17 13:45:18+00:00,btc_mxn,1149409.98,1149410.02,0.0
2024-07-17 13:45:19+00:00,btc_mxn,1149409.98,1149410.02,0.0
2024-07-17 13:45:20+00:00,btc_mxn,1149409.98,1149410.02,0.0
2024-07-17 13:45:21+00:00,btc_mxn,1149409.98,1149410.02,0.0
2024-07-17 13:45:22+00:00,btc_mxn,1149409.98,1149410.02,0.0
2024-07-17 13:45:23+00:00,btc_mxn,1149409.98,1149410.02,0.0
2024-07-17 13:45:24+00:00,btc_mxn,1149409.98,1149410.02,0.0
2024-07-17 13:45:25+00:00,btc_mxn,1149409.98,1149410.02,0.0
2024-07-17 13:45:26+00:00,btc_mxn,1149409.98,1149410.02,0.0
2024-07-17 13:45:27+00:00,btc_mxn,1149409.98,1149410.02,0.0
2024-07-17 13:45:28+00:00,btc_mxn,1149409.98,1149410.02,0.0
2024-07-17 13:45:29+00:00,btc_mxn,1149409.98,1149410.02,0.0
2024-07-17 13:45:30+00:00,btc_mxn,1149409.98,1149410.02,0.0
2024-07-17 13:45:31+00:00,btc_mxn,1149409.98,1149410.02,0.0
2024-07-17 13:45:32+00:00,btc_mxn,1149409.98,1149410.02,0.0
2024-07-17 13:45:33+00:00,btc_mxn,1149409.98,1149410.02,0.0
2024-07-17 13:45:34+00:00,btc_mxn,1149409.98,1149410.02,0.0
2024-07-17 13:45:35+00:00,btc_mxn,1149409.98,1149410.02,0.0
2024-07-17 13:45:36+00:00,btc_mxn,1149409.98,1149410.02,0.0
2024-07-17 13:45:37+00:00,btc_mxn,1149409.98,1149410.02,0.0
2024-07-17 13:45:38+00:00,btc_mxn,1149409.98,1149410.02,0.0
2024-07-17 13:45:39+00:00,btc_mxn,1149409.98,1149410.02,0.0
2024-07-17 13:45:40+00:00,btc_mxn,1149409.98,1149410.02,0.0
2024-07-17 13:45:41+00:00,btc_mxn,1149409.98,1149410.02,0.0
2024-07-17 13:45:42+00:00,btc_mxn,1149409.98,1149410.02,0.0
2024-07-17 13:45:43+00:00,btc_mxn,1149409.98,1149410.02,0.0
2024-07-17 13:45:44+00:00,btc_mxn,1149409.98,1149410.02,0.0
2024-07-17 13:45:45+00:00,btc_mxn,1149409.98,1149410.02,0.0
2024-07-17 13:45:46+00:00,btc_mxn,1149409.98,1149410.02,0.0
2024-07-17 13:45:47+00:00,btc_mxn,1149409.98,1149410.02,0.0
2024-07-17 13:45:48+00:00,btc_mxn,1149409.98,1149410.02,0.0
2024-07-17 13:45:49+00:00,btc_mxn,1149409.98,1149410.02,0.0
2024-07-17 13:45:51+00:00,btc_mxn,1149409.98,1149410.02,0.0
2024-07-17 13:45:51+00:00,btc_mxn,1149409.98,1149410.02,0.0
2024-07-17 13:45:53+00:00,btc_mxn,1149409.98,1149410.02,0.0
2024-07-17 13:45:54+00:00,btc_mxn,1149409.98,1149410.02,0.0
2024-07-17 13:45:55+00:00,btc_mxn,1149409.98,1149410.02,0.0
2024-07-17 13:45:56+00:00,btc_mxn,1149409.98,1149410.02,0.0
2024-07-17 13:45:57+00:00,btc_mxn,1149409.98,1149410.02,0.0
2024-07-17 13:45:58+00:00,btc_mxn,1149409.98,1149410.02,0.0
2024-07-17 13:45:59+00:00,btc_mxn,1149409.98,1149410.02,0.0
2024-07-17 13:46:00+00:00,btc_mxn,1149409.98,1149410.02,0.0
2024-07-17 13:46:01+00:00,btc_mxn,1149409.98,1149410.02,0.0
2024-07-17 13:46:02+00:00,btc_mxn,1149409.98,1149410.02,0.0
2024-07-17 13:46:03+00:00,btc_mxn,1149409.98,1149410.02,0.0
2024-07-17 13:46:04+00:00,btc_mxn,1149409.98,1149410.02,0.0
2024-07-17 13:46:05+00:00,btc_mxn,1149409.98,1149410.02,0.0
2024-07-17 13:46:06+00:00,btc_mxn,1149409.98,1149410.02,0.0
2024-07-17 13:46:07+00:00,btc_mxn,1149409.98,1149410.02,0.0
2024-07-17 13:46:08+00:00,btc_mxn,1149409.98,1149410.02,0.0
2024-07-17 13:46:09+00:00,btc_mxn,1149409.98,1149410.02,0.0
2024-07-17 13:46:10+00:00,btc_mxn,1147420.0,1149070.0,0.144
2024-07-17 13:46:11+00:00,btc_mxn,1147420.0,1149070.0,0.144
2024-07-17 13:46:12+00:00,btc_mxn,1147420.0,1149070.0,0.144
