orderbook_timestamp,book,bid,ask,spread
2024-07-17 18:37:06+00:00,btc_mxn,1140969.98,1140970.02,0.0
2024-07-17 18:37:07+00:00,btc_mxn,1140969.98,1140970.02,0.0
2024-07-17 18:37:08+00:00,btc_mxn,1140969.98,1140970.02,0.0
2024-07-17 18:37:09+00:00,btc_mxn,1140969.98,1140970.02,0.0
2024-07-17 18:37:10+00:00,btc_mxn,1141729.98,1141730.02,0.0
2024-07-17 18:37:11+00:00,btc_mxn,1141729.98,1141730.02,0.0
2024-07-17 18:37:12+00:00,btc_mxn,1141729.98,1141730.02,0.0
2024-07-17 18:37:13+00:00,btc_mxn,1141729.98,1141730.02,0.0
2024-07-17 18:37:14+00:00,btc_mxn,1141729.98,1141730.02,0.0
2024-07-17 18:37:15+00:00,btc_mxn,1141729.98,1141730.02,0.0
2024-07-17 18:37:16+00:00,btc_mxn,1141729.98,1141730.02,0.0
2024-07-17 18:37:17+00:00,btc_mxn,1141729.98,1141730.02,0.0
2024-07-17 18:37:18+00:00,btc_mxn,1141729.98,1141730.02,0.0
2024-07-17 18:37:19+00:00,btc_mxn,1141729.98,1141730.02,0.0
2024-07-17 18:37:20+00:00,btc_mxn,1141729.98,1141730.02,0.0
2024-07-17 18:37:21+00:00,btc_mxn,1141729.98,1141730.02,0.0
2024-07-17 18:37:22+00:00,btc_mxn,1141729.98,1141730.02,0.0
2024-07-17 18:37:23+00:00,btc_mxn,1141729.98,1141730.02,0.0
2024-07-17 18:37:24+00:00,btc_mxn,1141729.98,1141730.02,0.0
2024-07-17 18:37:25+00:00,btc_mxn,1141729.98,1141730.02,0.0
2024-07-17 18:37:26+00:00,btc_mxn,1141729.98,1141730.02,0.0
2024-07-17 18:37:27+00:00,btc_mxn,1141729.98,1141730.02,0.0
2024-07-17 18:37:29+00:00,btc_mxn,1141729.98,1141730.02,0.0
2024-07-17 18:37:29+00:00,btc_mxn,1141729.98,1141730.02,0.0
2024-07-17 18:37:30+00:00,btc_mxn,1141729.98,1141730.02,0.0
2024-07-17 18:37:31+00:00,btc_mxn,1141729.98,1141730.02,0.0
2024-07-17 18:37:32+00:00,btc_mxn,1141729.98,1141730.02,0.0
2024-07-17 18:37:33+00:00,btc_mxn,1141729.98,1141730.02,0.0
2024-07-17 18:37:34+00:00,btc_mxn,1141729.98,1141730.02,0.0
2024-07-17 18:37:35+00:00,btc_mxn,1141729.98,1141730.02,0.0
2024-07-17 18:37:36+00:00,btc_mxn,1141729.98,1141730.02,0.0
2024-07-17 18:37:38+00:00,btc_mxn,1141729.98,1141730.02,0.0
2024-07-17 18:37:39+00:00,btc_mxn,1141729.98,1141730.02,0.0
2024-07-17 18:37:40+00:00,btc_mxn,1141729.98,1141730.02,0.0
2024-07-17 18:37:41+00:00,btc_mxn,1141729.98,1141730.02,0.0
2024-07-17 18:37:42+00:00,btc_mxn,1141729.98,1141730.02,0.0
2024-07-17 18:37:43+00:00,btc_mxn,1141729.98,1141730.02,0.0
2024-07-17 18:37:44+00:00,btc_mxn,1141729.98,1141730.02,0.0
2024-07-17 18:37:45+00:00,btc_mxn,1141729.98,1141730.02,0.0
2024-07-17 18:37:46+00:00,btc_mxn,1141729.98,1141730.02,0.0
2024-07-17 18:37:47+00:00,btc_mxn,1141729.98,1141730.02,0.0
2024-07-17 18:37:48+00:00,btc_mxn,1141729.98,1141730.02,0.0
2024-07-17 18:37:49+00:00,btc_mxn,1141729.98,1141730.02,0.0
2024-07-17 18:37:50+00:00,btc_mxn,1141729.98,1141730.02,0.0
2024-07-17 18:37:51+00:00,btc_mxn,1141729.98,1141730.02,0.0
2024-07-17 18:37:52+00:00,btc_mxn,1141729.98,1141730.02,0.0
2024-07-17 18:37:53+00:00,btc_mxn,1141729.98,1141730.02,0.0
2024-07-17 18:37:54+00:00,btc_mxn,1141729.98,1141730.02,0.0
2024-07-17 18:37:56+00:00,btc_mxn,1141729.98,1141730.02,0.0
2024-07-17 18:37:56+00:00,btc_mxn,1141729.98,1141730.02,0.0
2024-07-17 18:37:57+00:00,btc_mxn,1141729.98,1141730.02,0.0
2024-07-17 18:37:58+00:00,btc_mxn,1141729.98,1141730.02,0.0
2024-07-17 18:37:59+00:00,btc_mxn,1141729.98,1141730.02,0.0
2024-07-17 18:38:00+00:00,btc_mxn,1141729.98,1141730.02,0.0
2024-07-17 18:38:01+00:00,btc_mxn,1141729.98,1141730.02,0.0
2024-07-17 18:38:02+00:00,btc_mxn,1141729.98,1141730.02,0.0
2024-07-17 18:38:03+00:00,btc_mxn,1141729.98,1141730.02,0.0
2024-07-17 18:38:04+00:00,btc_mxn,1141729.98,1141730.02,0.0
2024-07-17 18:38:05+00:00,btc_mxn,1141729.98,1141730.02,0.0
2024-07-17 18:38:07+00:00,btc_mxn,1141729.98,1141730.02,0.0
2024-07-17 18:38:07+00:00,btc_mxn,1141729.98,1141730.02,0.0
2024-07-17 18:38:09+00:00,btc_mxn,1141729.98,1141730.02,0.0
2024-07-17 18:38:10+00:00,btc_mxn,1141729.98,1141730.02,0.0
2024-07-17 18:38:11+00:00,btc_mxn,1141729.98,1141730.02,0.0
2024-07-17 18:38:12+00:00,btc_mxn,1141729.98,1141730.02,0.0
2024-07-17 18:38:13+00:00,btc_mxn,1141729.98,1141730.02,0.0
2024-07-17 18:38:14+00:00,btc_mxn,1141729.98,1141730.02,0.0
2024-07-17 18:38:15+00:00,btc_mxn,1141729.98,1141730.02,0.0
2024-07-17 18:38:16+00:00,btc_mxn,1141729.98,1141730.02,0.0
2024-07-17 18:38:17+00:00,btc_mxn,1141729.98,1141730.02,0.0
2024-07-17 18:38:18+00:00,btc_mxn,1141729.98,1141730.02,0.0
2024-07-17 18:38:19+00:00,btc_mxn,1141729.98,1141730.02,0.0
2024-07-17 18:38:20+00:00,btc_mxn,1141729.98,1141730.02,0.0
2024-07-17 18:38:21+00:00,btc_mxn,1141729.98,1141730.02,0.0
2024-07-17 18:38:22+00:00,btc_mxn,1141729.98,1141730.02,0.0
2024-07-17 18:38:23+00:00,btc_mxn,1141729.98,1141730.02,0.0
2024-07-17 18:38:24+00:00,btc_mxn,1141729.98,1141730.02,0.0
2024-07-17 18:38:25+00:00,btc_mxn,1141729.98,1141730.02,0.0
2024-07-17 18:38:26+00:00,btc_mxn,1141729.98,1141730.02,0.0
2024-07-17 18:38:27+00:00,btc_mxn,1141729.98,1141730.02,0.0
2024-07-17 18:38:28+00:00,btc_mxn,1141729.98,1141730.02,0.0
2024-07-17 18:38:29+00:00,btc_mxn,1141729.98,1141730.02,0.0
2024-07-17 18:38:30+00:00,btc_mxn,1141729.98,1141730.02,0.0
2024-07-17 18:38:31+00:00,btc_mxn,1141729.98,1141730.02,0.0
2024-07-17 18:38:32+00:00,btc_mxn,1141729.98,1141730.02,0.0
2024-07-17 18:38:33+00:00,btc_mxn,1141729.98,1141730.02,0.0
2024-07-17 18:38:34+00:00,btc_mxn,1141729.98,1141730.02,0.0
2024-07-17 18:38:35+00:00,btc_mxn,1141729.98,1141730.02,0.0
2024-07-17 18:38:36+00:00,btc_mxn,1141729.98,1141730.02,0.0
2024-07-17 18:38:37+00:00,btc_mxn,1141729.98,1141730.02,0.0
2024-07-17 18:38:38+00:00,btc_mxn,1141729.98,1141730.02,0.0
2024-07-17 18:38:39+00:00,btc_mxn,1141729.98,1141730.02,0.0
2024-07-17 18:38:40+00:00,btc_mxn,1141729.98,1141730.02,0.0
2024-07-17 18:38:41+00:00,btc_mxn,1141729.98,1141730.02,0.0
2024-07-17 18:38:42+00:00,btc_mxn,1141729.98,1141730.02,0.0
2024-07-17 18:38:43+00:00,btc_mxn,1141729.98,1141730.02,0.0
2024-07-17 18:38:44+00:00,btc_mxn,1141729.98,1141730.02,0.0
2024-07-17 18:38:45+00:00,btc_mxn,1141729.98,1141730.02,0.0
2024-07-17 18:38:46+00:00,btc_mxn,1141729.98,1141730.02,0.0
2024-07-17 18:38:47+00:00,btc_mxn,1141729.98,1141730.02,0.0
2024-07-17 18:38:48+00:00,btc_mxn,1141729.98,1141730.02,0.0
2024-07-17 18:38:49+00:00,btc_mxn,1141729.98,1141730.02,0.0
2024-07-17 18:38:50+00:00,btc_mxn,1141729.98,1141730.02,0.0
2024-07-17 18:38:51+00:00,btc_mxn,1141729.98,1141730.02,0.0
2024-07-17 18:38:52+00:00,btc_mxn,1141729.98,1141730.02,0.0
2024-07-17 18:38:53+00:00,btc_mxn,1141729.98,1141730.02,0.0
2024-07-17 18:38:54+00:00,btc_mxn,1141729.98,1141730.02,0.0
2024-07-17 18:38:55+00:00,btc_mxn,1141729.98,1141730.02,0.0
2024-07-17 18:38:56+00:00,btc_mxn,1141729.98,1141730.02,0.0
2024-07-17 18:38:57+00:00,btc_mxn,1141729.98,1141730.02,0.0
2024-07-17 18:38:59+00:00,btc_mxn,1141729.98,1141730.02,0.0
2024-07-17 18:39:00+00:00,btc_mxn,1141729.98,1141730.02,0.0
2024-07-17 18:39:01+00:00,btc_mxn,1141729.98,1141730.02,0.0
2024-07-17 18:39:02+00:00,btc_mxn,1141729.98,1141730.02,0.0
2024-07-17 18:39:03+00:00,btc_mxn,1141729.98,1141730.02,0.0
2024-07-17 18:39:04+00:00,btc_mxn,1141729.98,1141730.02,0.0
2024-07-17 18:39:05+00:00,btc_mxn,1141729.98,1141730.02,0.0
2024-07-17 18:39:06+00:00,btc_mxn,1141729.98,1141730.02,0.0
2024-07-17 18:39:07+00:00,btc_mxn,1141729.98,1141730.02,0.0
2024-07-17 18:39:08+00:00,btc_mxn,1141729.98,1141730.02,0.0
2024-07-17 18:39:09+00:00,btc_mxn,1141729.98,1141730.02,0.0
2024-07-17 18:39:10+00:00,btc_mxn,1141729.98,1141730.02,0.0
2024-07-17 18:39:11+00:00,btc_mxn,1141729.98,1141730.02,0.0
2024-07-17 18:39:12+00:00,btc_mxn,1141729.98,1141730.02,0.0
2024-07-17 18:39:13+00:00,btc_mxn,1141729.98,1141730.02,0.0
2024-07-17 18:39:14+00:00,btc_mxn,1141729.98,1141730.02,0.0
2024-07-17 18:39:15+00:00,btc_mxn,1141729.98,1141730.02,0.0
2024-07-17 18:39:16+00:00,btc_mxn,1141729.98,1141730.02,0.0
2024-07-17 18:39:17+00:00,btc_mxn,1141729.98,1141730.02,0.0
2024-07-17 18:39:18+00:00,btc_mxn,1141729.98,1141730.02,0.0
2024-07-17 18:39:19+00:00,btc_mxn,1141729.98,1141730.02,0.0
2024-07-17 18:39:20+00:00,btc_mxn,1141729.98,1141730.02,0.0
2024-07-17 18:39:21+00:00,btc_mxn,1141729.98,1141730.02,0.0
2024-07-17 18:39:22+00:00,btc_mxn,1141729.98,1141730.02,0.0
2024-07-17 18:39:23+00:00,btc_mxn,1141729.98,1141730.02,0.0
2024-07-17 18:39:24+00:00,btc_mxn,1141729.98,1141730.02,0.0
2024-07-17 18:39:25+00:00,btc_mxn,1141729.98,1141730.02,0.0
2024-07-17 18:39:26+00:00,btc_mxn,1141729.98,1141730.02,0.0
2024-07-17 18:39:27+00:00,btc_mxn,1141729.98,1141730.02,0.0
2024-07-17 18:39:28+00:00,btc_mxn,1141729.98,1141730.02,0.0
2024-07-17 18:39:29+00:00,btc_mxn,1141729.98,1141730.02,0.0
2024-07-17 18:39:30+00:00,btc_mxn,1141729.98,1141730.02,0.0
2024-07-17 18:39:31+00:00,btc_mxn,1141729.98,1141730.02,0.0
2024-07-17 18:39:32+00:00,btc_mxn,1141729.98,1141730.02,0.0
2024-07-17 18:39:33+00:00,btc_mxn,1141729.98,1141730.02,0.0
2024-07-17 18:39:34+00:00,btc_mxn,1141729.98,1141730.02,0.0
2024-07-17 18:39:35+00:00,btc_mxn,1141729.98,1141730.02,0.0
2024-07-17 18:39:36+00:00,btc_mxn,1141729.98,1141730.02,0.0
2024-07-17 18:39:37+00:00,btc_mxn,1141729.98,1141730.02,0.0
2024-07-17 18:39:38+00:00,btc_mxn,1141729.98,1141730.02,0.0
2024-07-17 18:39:39+00:00,btc_mxn,1141729.98,1141730.02,0.0
2024-07-17 18:39:41+00:00,btc_mxn,1141729.98,1141730.02,0.0
2024-07-17 18:39:42+00:00,btc_mxn,1141729.98,1141730.02,0.0
2024-07-17 18:39:43+00:00,btc_mxn,1141729.98,1141730.02,0.0
2024-07-17 18:39:44+00:00,btc_mxn,1141729.98,1141730.02,0.0
2024-07-17 18:39:45+00:00,btc_mxn,1141729.98,1141730.02,0.0
2024-07-17 18:39:46+00:00,btc_mxn,1141729.98,1141730.02,0.0
2024-07-17 18:39:47+00:00,btc_mxn,1141729.98,1141730.02,0.0
2024-07-17 18:39:48+00:00,btc_mxn,1141729.98,1141730.02,0.0
2024-07-17 18:39:49+00:00,btc_mxn,1141729.98,1141730.02,0.0
2024-07-17 18:39:50+00:00,btc_mxn,1141729.98,1141730.02,0.0
2024-07-17 18:39:51+00:00,btc_mxn,1141729.98,1141730.02,0.0
2024-07-17 18:39:52+00:00,btc_mxn,1141729.98,1141730.02,0.0
2024-07-17 18:39:53+00:00,btc_mxn,1141729.98,1141730.02,0.0
2024-07-17 18:39:54+00:00,btc_mxn,1141729.98,1141730.02,0.0
2024-07-17 18:39:55+00:00,btc_mxn,1141729.98,1141730.02,0.0
2024-07-17 18:39:56+00:00,btc_mxn,1141729.98,1141730.02,0.0
2024-07-17 18:39:57+00:00,btc_mxn,1141729.98,1141730.02,0.0
2024-07-17 18:39:58+00:00,btc_mxn,1141729.98,1141730.02,0.0
2024-07-17 18:39:59+00:00,btc_mxn,1141729.98,1141730.02,0.0
2024-07-17 18:40:00+00:00,btc_mxn,1141729.98,1141730.02,0.0
2024-07-17 18:40:02+00:00,btc_mxn,1141729.98,1141730.02,0.0
2024-07-17 18:40:04+00:00,btc_mxn,1141729.98,1141730.02,0.0
2024-07-17 18:40:04+00:00,btc_mxn,1141729.98,1141730.02,0.0
2024-07-17 18:40:05+00:00,btc_mxn,1141729.98,1141730.02,0.0
2024-07-17 18:40:06+00:00,btc_mxn,1141729.98,1141730.02,0.0
2024-07-17 18:40:07+00:00,btc_mxn,1141729.98,1141730.02,0.0
2024-07-17 18:40:08+00:00,btc_mxn,1141729.98,1141730.02,0.0
2024-07-17 18:40:09+00:00,btc_mxn,1141729.98,1141730.02,0.0
2024-07-17 18:40:10+00:00,btc_mxn,1141729.98,1141730.02,0.0
2024-07-17 18:40:11+00:00,btc_mxn,1141729.98,1141730.02,0.0
2024-07-17 18:40:13+00:00,btc_mxn,1141729.98,1141730.02,0.0
2024-07-17 18:40:14+00:00,btc_mxn,1141729.98,1141730.02,0.0
2024-07-17 18:40:15+00:00,btc_mxn,1141729.98,1141730.02,0.0
2024-07-17 18:40:16+00:00,btc_mxn,1141729.98,1141730.02,0.0
2024-07-17 18:40:17+00:00,btc_mxn,1141729.98,1141730.02,0.0
2024-07-17 18:40:18+00:00,btc_mxn,1141729.98,1141730.02,0.0
2024-07-17 18:40:19+00:00,btc_mxn,1141729.98,1141730.02,0.0
2024-07-17 18:40:20+00:00,btc_mxn,1141729.98,1141730.02,0.0
2024-07-17 18:40:22+00:00,btc_mxn,1141729.98,1141730.02,0.0
2024-07-17 18:40:23+00:00,btc_mxn,1141729.98,1141730.02,0.0
2024-07-17 18:40:23+00:00,btc_mxn,1141729.98,1141730.02,0.0
2024-07-17 18:40:24+00:00,btc_mxn,1141729.98,1141730.02,0.0
2024-07-17 18:40:25+00:00,btc_mxn,1141729.98,1141730.02,0.0
2024-07-17 18:40:26+00:00,btc_mxn,1141729.98,1141730.02,0.0
2024-07-17 18:40:27+00:00,btc_mxn,1141729.98,1141730.02,0.0
2024-07-17 18:40:28+00:00,btc_mxn,1141729.98,1141730.02,0.0
2024-07-17 18:40:29+00:00,btc_mxn,1141729.98,1141730.02,0.0
2024-07-17 18:40:30+00:00,btc_mxn,1141729.98,1141730.02,0.0
2024-07-17 18:40:31+00:00,btc_mxn,1141729.98,1141730.02,0.0
2024-07-17 18:40:32+00:00,btc_mxn,1141729.98,1141730.02,0.0
2024-07-17 18:40:33+00:00,btc_mxn,1141729.98,1141730.02,0.0
2024-07-17 18:40:34+00:00,btc_mxn,1141729.98,1141730.02,0.0
2024-07-17 18:40:35+00:00,btc_mxn,1141729.98,1141730.02,0.0
2024-07-17 18:40:36+00:00,btc_mxn,1141729.98,1141730.02,0.0
2024-07-17 18:40:37+00:00,btc_mxn,1141729.98,1141730.02,0.0
2024-07-17 18:40:38+00:00,btc_mxn,1141729.98,1141730.02,0.0
2024-07-17 18:40:39+00:00,btc_mxn,1141729.98,1141730.02,0.0
2024-07-17 18:40:40+00:00,btc_mxn,1141729.98,1141730.02,0.0
2024-07-17 18:40:41+00:00,btc_mxn,1141729.98,1141730.02,0.0
2024-07-17 18:40:42+00:00,btc_mxn,1141729.98,1141730.02,0.0
2024-07-17 18:40:43+00:00,btc_mxn,1141729.98,1141730.02,0.0
2024-07-17 18:40:44+00:00,btc_mxn,1141729.98,1141730.02,0.0
2024-07-17 18:40:45+00:00,btc_mxn,1141729.98,1141730.02,0.0
2024-07-17 18:40:46+00:00,btc_mxn,1141729.98,1141730.02,0.0
2024-07-17 18:40:47+00:00,btc_mxn,1141729.98,1141730.02,0.0
2024-07-17 18:40:48+00:00,btc_mxn,1141729.98,1141730.02,0.0
2024-07-17 18:40:49+00:00,btc_mxn,1141729.98,1141730.02,0.0
2024-07-17 18:40:50+00:00,btc_mxn,1141729.98,1141730.02,0.0
2024-07-17 18:40:52+00:00,btc_mxn,1141729.98,1141730.02,0.0
2024-07-17 18:40:52+00:00,btc_mxn,1141729.98,1141730.02,0.0
2024-07-17 18:40:54+00:00,btc_mxn,1141729.98,1141730.02,0.0
2024-07-17 18:40:55+00:00,btc_mxn,1141729.98,1141730.02,0.0
2024-07-17 18:40:56+00:00,btc_mxn,1141729.98,1141730.02,0.0
2024-07-17 18:40:57+00:00,btc_mxn,1141729.98,1141730.02,0.0
2024-07-17 18:40:58+00:00,btc_mxn,1141729.98,1141730.02,0.0
2024-07-17 18:40:59+00:00,btc_mxn,1141729.98,1141730.02,0.0
2024-07-17 18:41:00+00:00,btc_mxn,1141729.98,1141730.02,0.0
2024-07-17 18:41:01+00:00,btc_mxn,1141729.98,1141730.02,0.0
2024-07-17 18:41:02+00:00,btc_mxn,1141729.98,1141730.02,0.0
2024-07-17 18:41:03+00:00,btc_mxn,1141729.98,1141730.02,0.0
2024-07-17 18:41:04+00:00,btc_mxn,1141729.98,1141730.02,0.0
2024-07-17 18:41:05+00:00,btc_mxn,1141729.98,1141730.02,0.0
2024-07-17 18:41:06+00:00,btc_mxn,1141729.98,1141730.02,0.0
2024-07-17 18:41:07+00:00,btc_mxn,1141729.98,1141730.02,0.0
2024-07-17 18:41:08+00:00,btc_mxn,1141729.98,1141730.02,0.0
2024-07-17 18:41:09+00:00,btc_mxn,1141729.98,1141730.02,0.0
2024-07-17 18:41:10+00:00,btc_mxn,1141729.98,1141730.02,0.0
2024-07-17 18:41:11+00:00,btc_mxn,1141729.98,1141730.02,0.0
2024-07-17 18:41:12+00:00,btc_mxn,1141729.98,1141730.02,0.0
2024-07-17 18:41:13+00:00,btc_mxn,1141729.98,1141730.02,0.0
2024-07-17 18:41:14+00:00,btc_mxn,1141729.98,1141730.02,0.0
2024-07-17 18:41:15+00:00,btc_mxn,1141729.98,1141730.02,0.0
2024-07-17 18:41:16+00:00,btc_mxn,1141729.98,1141730.02,0.0
2024-07-17 18:41:17+00:00,btc_mxn,1141729.98,1141730.02,0.0
2024-07-17 18:41:18+00:00,btc_mxn,1141729.98,1141730.02,0.0
2024-07-17 18:41:19+00:00,btc_mxn,1141729.98,1141730.02,0.0
2024-07-17 18:41:20+00:00,btc_mxn,1141729.98,1141730.02,0.0
2024-07-17 18:41:21+00:00,btc_mxn,1141729.98,1141730.02,0.0
2024-07-17 18:41:22+00:00,btc_mxn,1141729.98,1141730.02,0.0
2024-07-17 18:41:23+00:00,btc_mxn,1141729.98,1141730.02,0.0
2024-07-17 18:41:24+00:00,btc_mxn,1141729.98,1141730.02,0.0
2024-07-17 18:41:25+00:00,btc_mxn,1141729.98,1141730.02,0.0
2024-07-17 18:41:26+00:00,btc_mxn,1141729.98,1141730.02,0.0
2024-07-17 18:41:27+00:00,btc_mxn,1141729.98,1141730.02,0.0
2024-07-17 18:41:28+00:00,btc_mxn,1141729.98,1141730.02,0.0
2024-07-17 18:41:29+00:00,btc_mxn,1141729.98,1141730.02,0.0
2024-07-17 18:41:30+00:00,btc_mxn,1141729.98,1141730.02,0.0
2024-07-17 18:41:31+00:00,btc_mxn,1141729.98,1141730.02,0.0
2024-07-17 18:41:32+00:00,btc_mxn,1141729.98,1141730.02,0.0
2024-07-17 18:41:33+00:00,btc_mxn,1141729.98,1141730.02,0.0
2024-07-17 18:41:34+00:00,btc_mxn,1141729.98,1141730.02,0.0
2024-07-17 18:41:35+00:00,btc_mxn,1141729.98,1141730.02,0.0
2024-07-17 18:41:36+00:00,btc_mxn,1141729.98,1141730.02,0.0
2024-07-17 18:41:37+00:00,btc_mxn,1141729.98,1141730.02,0.0
2024-07-17 18:41:38+00:00,btc_mxn,1141729.98,1141730.02,0.0
2024-07-17 18:41:39+00:00,btc_mxn,1141729.98,1141730.02,0.0
2024-07-17 18:41:40+00:00,btc_mxn,1141729.98,1141730.02,0.0
2024-07-17 18:41:41+00:00,btc_mxn,1141729.98,1141730.02,0.0
2024-07-17 18:41:42+00:00,btc_mxn,1141729.98,1141730.02,0.0
2024-07-17 18:41:44+00:00,btc_mxn,1141729.98,1141730.02,0.0
2024-07-17 18:41:44+00:00,btc_mxn,1141729.98,1141730.02,0.0
2024-07-17 18:41:45+00:00,btc_mxn,1141729.98,1141730.02,0.0
2024-07-17 18:41:46+00:00,btc_mxn,1141729.98,1141730.02,0.0
2024-07-17 18:41:47+00:00,btc_mxn,1141729.98,1141730.02,0.0
2024-07-17 18:41:48+00:00,btc_mxn,1141729.98,1141730.02,0.0
2024-07-17 18:41:49+00:00,btc_mxn,1141729.98,1141730.02,0.0
2024-07-17 18:41:50+00:00,btc_mxn,1141729.98,1141730.02,0.0
2024-07-17 18:41:51+00:00,btc_mxn,1141729.98,1141730.02,0.0
2024-07-17 18:41:53+00:00,btc_mxn,1141729.98,1141730.02,0.0
2024-07-17 18:41:53+00:00,btc_mxn,1141729.98,1141730.02,0.0
2024-07-17 18:41:54+00:00,btc_mxn,1141729.98,1141730.02,0.0
2024-07-17 18:41:55+00:00,btc_mxn,1141729.98,1141730.02,0.0
2024-07-17 18:41:56+00:00,btc_mxn,1141729.98,1141730.02,0.0
2024-07-17 18:41:57+00:00,btc_mxn,1141729.98,1141730.02,0.0
2024-07-17 18:41:58+00:00,btc_mxn,1141729.98,1141730.02,0.0
2024-07-17 18:41:59+00:00,btc_mxn,1141729.98,1141730.02,0.0
2024-07-17 18:42:00+00:00,btc_mxn,1141729.98,1141730.02,0.0
2024-07-17 18:42:01+00:00,btc_mxn,1141729.98,1141730.02,0.0
2024-07-17 18:42:02+00:00,btc_mxn,1141729.98,1141730.02,0.0
2024-07-17 18:42:03+00:00,btc_mxn,1141729.98,1141730.02,0.0
2024-07-17 18:42:04+00:00,btc_mxn,1141729.98,1141730.02,0.0
2024-07-17 18:42:05+00:00,btc_mxn,1141729.98,1141730.02,0.0
2024-07-17 18:42:07+00:00,btc_mxn,1141729.98,1141730.02,0.0
2024-07-17 18:42:08+00:00,btc_mxn,1141729.98,1141730.02,0.0
2024-07-17 18:42:09+00:00,btc_mxn,1141729.98,1141730.02,0.0
2024-07-17 18:42:10+00:00,btc_mxn,1142679.98,1142680.02,0.0
2024-07-17 18:42:11+00:00,btc_mxn,1142679.98,1142680.02,0.0
2024-07-17 18:42:12+00:00,btc_mxn,1142679.98,1142680.02,0.0
2024-07-17 18:42:13+00:00,btc_mxn,1142679.98,1142680.02,0.0
2024-07-17 18:42:14+00:00,btc_mxn,1142679.98,1142680.02,0.0
2024-07-17 18:42:15+00:00,btc_mxn,1142679.98,1142680.02,0.0
2024-07-17 18:42:16+00:00,btc_mxn,1142679.98,1142680.02,0.0
2024-07-17 18:42:17+00:00,btc_mxn,1142679.98,1142680.02,0.0
2024-07-17 18:42:18+00:00,btc_mxn,1142679.98,1142680.02,0.0
2024-07-17 18:42:19+00:00,btc_mxn,1142679.98,1142680.02,0.0
2024-07-17 18:42:20+00:00,btc_mxn,1142679.98,1142680.02,0.0
2024-07-17 18:42:21+00:00,btc_mxn,1142679.98,1142680.02,0.0
2024-07-17 18:42:22+00:00,btc_mxn,1142679.98,1142680.02,0.0
2024-07-17 18:42:23+00:00,btc_mxn,1142679.98,1142680.02,0.0
2024-07-17 18:42:24+00:00,btc_mxn,1142679.98,1142680.02,0.0
2024-07-17 18:42:25+00:00,btc_mxn,1142679.98,1142680.02,0.0
2024-07-17 18:42:26+00:00,btc_mxn,1142679.98,1142680.02,0.0
2024-07-17 18:42:27+00:00,btc_mxn,1142679.98,1142680.02,0.0
2024-07-17 18:42:28+00:00,btc_mxn,1142679.98,1142680.02,0.0
2024-07-17 18:42:29+00:00,btc_mxn,1142679.98,1142680.02,0.0
2024-07-17 18:42:30+00:00,btc_mxn,1141490.0,1142560.0,0.094
2024-07-17 18:42:31+00:00,btc_mxn,1141490.0,1142490.0,0.088
2024-07-17 18:42:32+00:00,btc_mxn,1141490.0,1142490.0,0.088
2024-07-17 18:42:33+00:00,btc_mxn,1141490.0,1142560.0,0.094
2024-07-17 18:42:34+00:00,btc_mxn,1141490.0,1142560.0,0.094
2024-07-17 18:42:35+00:00,btc_mxn,1141490.0,1142560.0,0.094
2024-07-17 18:42:36+00:00,btc_mxn,1141490.0,1142560.0,0.094
2024-07-17 18:42:37+00:00,btc_mxn,1141490.0,1142560.0,0.094
2024-07-17 18:42:38+00:00,btc_mxn,1141490.0,1142560.0,0.094
2024-07-17 18:42:39+00:00,btc_mxn,1141490.0,1142560.0,0.094
2024-07-17 18:42:40+00:00,btc_mxn,1141490.0,1142560.0,0.094
2024-07-17 18:42:41+00:00,btc_mxn,1141490.0,1142560.0,0.094
2024-07-17 18:42:42+00:00,btc_mxn,1141490.0,1142560.0,0.094
2024-07-17 18:42:43+00:00,btc_mxn,1141490.0,1142560.0,0.094
2024-07-17 18:42:44+00:00,btc_mxn,1141490.0,1142560.0,0.094
2024-07-17 18:42:45+00:00,btc_mxn,1141490.0,1142560.0,0.094
2024-07-17 18:42:46+00:00,btc_mxn,1141490.0,1142560.0,0.094
2024-07-17 18:42:47+00:00,btc_mxn,1141490.0,1142560.0,0.094
2024-07-17 18:42:48+00:00,btc_mxn,1141490.0,1142560.0,0.094
2024-07-17 18:42:49+00:00,btc_mxn,1141490.0,1142560.0,0.094
2024-07-17 18:42:50+00:00,btc_mxn,1141490.0,1142560.0,0.094
2024-07-17 18:42:51+00:00,btc_mxn,1141490.0,1142560.0,0.094
2024-07-17 18:42:52+00:00,btc_mxn,1141490.0,1142560.0,0.094
2024-07-17 18:42:53+00:00,btc_mxn,1141490.0,1142560.0,0.094
2024-07-17 18:42:54+00:00,btc_mxn,1141490.0,1142560.0,0.094
2024-07-17 18:42:55+00:00,btc_mxn,1141490.0,1142560.0,0.094
2024-07-17 18:42:56+00:00,btc_mxn,1141490.0,1142560.0,0.094
2024-07-17 18:42:57+00:00,btc_mxn,1141490.0,1142560.0,0.094
2024-07-17 18:42:58+00:00,btc_mxn,1141490.0,1142560.0,0.094
2024-07-17 18:42:59+00:00,btc_mxn,1141490.0,1142560.0,0.094
2024-07-17 18:43:00+00:00,btc_mxn,1141490.0,1142560.0,0.094
2024-07-17 18:43:01+00:00,btc_mxn,1141490.0,1142560.0,0.094
2024-07-17 18:43:02+00:00,btc_mxn,1141490.0,1142560.0,0.094
2024-07-17 18:43:03+00:00,btc_mxn,1141490.0,1142560.0,0.094
2024-07-17 18:43:04+00:00,btc_mxn,1141490.0,1142560.0,0.094
2024-07-17 18:43:05+00:00,btc_mxn,1141490.0,1142560.0,0.094
2024-07-17 18:43:06+00:00,btc_mxn,1141490.0,1142560.0,0.094
2024-07-17 18:43:07+00:00,btc_mxn,1141490.0,1142560.0,0.094
2024-07-17 18:43:09+00:00,btc_mxn,1141490.0,1142560.0,0.094
2024-07-17 18:43:09+00:00,btc_mxn,1141490.0,1142560.0,0.094
2024-07-17 18:43:11+00:00,btc_mxn,1141490.0,1142560.0,0.094
2024-07-17 18:43:12+00:00,btc_mxn,1141490.0,1142560.0,0.094
2024-07-17 18:43:13+00:00,btc_mxn,1141490.0,1142560.0,0.094
2024-07-17 18:43:14+00:00,btc_mxn,1141490.0,1142560.0,0.094
2024-07-17 18:43:15+00:00,btc_mxn,1141490.0,1142560.0,0.094
2024-07-17 18:43:16+00:00,btc_mxn,1141490.0,1142560.0,0.094
2024-07-17 18:43:17+00:00,btc_mxn,1141490.0,1142560.0,0.094
2024-07-17 18:43:18+00:00,btc_mxn,1141490.0,1142560.0,0.094
2024-07-17 18:43:19+00:00,btc_mxn,1141490.0,1142560.0,0.094
2024-07-17 18:43:20+00:00,btc_mxn,1141490.0,1142560.0,0.094
2024-07-17 18:43:21+00:00,btc_mxn,1141490.0,1142560.0,0.094
2024-07-17 18:43:22+00:00,btc_mxn,1141490.0,1142560.0,0.094
2024-07-17 18:43:23+00:00,btc_mxn,1141490.0,1142560.0,0.094
2024-07-17 18:43:24+00:00,btc_mxn,1141490.0,1142560.0,0.094
2024-07-17 18:43:25+00:00,btc_mxn,1141490.0,1142560.0,0.094
2024-07-17 18:43:26+00:00,btc_mxn,1141490.0,1142560.0,0.094
2024-07-17 18:43:27+00:00,btc_mxn,1141490.0,1142560.0,0.094
2024-07-17 18:43:28+00:00,btc_mxn,1141490.0,1142560.0,0.094
2024-07-17 18:43:29+00:00,btc_mxn,1141490.0,1142560.0,0.094
2024-07-17 18:43:30+00:00,btc_mxn,1141490.0,1142560.0,0.094
2024-07-17 18:43:31+00:00,btc_mxn,1141490.0,1142560.0,0.094
2024-07-17 18:43:32+00:00,btc_mxn,1141490.0,1142560.0,0.094
2024-07-17 18:43:33+00:00,btc_mxn,1141490.0,1142560.0,0.094
2024-07-17 18:43:34+00:00,btc_mxn,1141490.0,1142560.0,0.094
2024-07-17 18:43:35+00:00,btc_mxn,1141490.0,1142560.0,0.094
2024-07-17 18:43:36+00:00,btc_mxn,1141490.0,1142600.0,0.097
2024-07-17 18:43:37+00:00,btc_mxn,1141490.0,1142600.0,0.097
2024-07-17 18:43:38+00:00,btc_mxn,1141490.0,1142600.0,0.097
2024-07-17 18:43:39+00:00,btc_mxn,1141490.0,1142600.0,0.097
2024-07-17 18:43:40+00:00,btc_mxn,1141490.0,1142600.0,0.097
2024-07-17 18:43:41+00:00,btc_mxn,1141490.0,1142600.0,0.097
2024-07-17 18:43:42+00:00,btc_mxn,1141490.0,1142600.0,0.097
2024-07-17 18:43:43+00:00,btc_mxn,1141490.0,1142600.0,0.097
2024-07-17 18:43:44+00:00,btc_mxn,1141490.0,1142600.0,0.097
2024-07-17 18:43:45+00:00,btc_mxn,1141490.0,1142600.0,0.097
2024-07-17 18:43:46+00:00,btc_mxn,1141490.0,1142600.0,0.097
2024-07-17 18:43:47+00:00,btc_mxn,1141490.0,1142600.0,0.097
2024-07-17 18:43:48+00:00,btc_mxn,1141490.0,1142600.0,0.097
2024-07-17 18:43:49+00:00,btc_mxn,1141490.0,1142600.0,0.097
2024-07-17 18:43:50+00:00,btc_mxn,1141490.0,1142600.0,0.097
2024-07-17 18:43:51+00:00,btc_mxn,1141490.0,1142600.0,0.097
2024-07-17 18:43:52+00:00,btc_mxn,1141490.0,1142600.0,0.097
2024-07-17 18:43:53+00:00,btc_mxn,1141490.0,1142600.0,0.097
2024-07-17 18:43:54+00:00,btc_mxn,1141490.0,1142600.0,0.097
2024-07-17 18:43:55+00:00,btc_mxn,1141490.0,1142600.0,0.097
2024-07-17 18:43:56+00:00,btc_mxn,1141490.0,1142600.0,0.097
2024-07-17 18:43:57+00:00,btc_mxn,1141490.0,1142600.0,0.097
2024-07-17 18:43:58+00:00,btc_mxn,1141490.0,1142600.0,0.097
2024-07-17 18:43:59+00:00,btc_mxn,1141490.0,1142600.0,0.097
2024-07-17 18:44:00+00:00,btc_mxn,1141490.0,1142600.0,0.097
2024-07-17 18:44:01+00:00,btc_mxn,1141490.0,1142600.0,0.097
2024-07-17 18:44:02+00:00,btc_mxn,1141490.0,1142600.0,0.097
2024-07-17 18:44:03+00:00,btc_mxn,1141490.0,1142600.0,0.097
2024-07-17 18:44:05+00:00,btc_mxn,1141490.0,1142600.0,0.097
2024-07-17 18:44:05+00:00,btc_mxn,1141480.0,1142600.0,0.098
2024-07-17 18:44:06+00:00,btc_mxn,1141480.0,1142600.0,0.098
2024-07-17 18:44:08+00:00,btc_mxn,1141480.0,1142600.0,0.098
2024-07-17 18:44:09+00:00,btc_mxn,1141480.0,1142600.0,0.098
2024-07-17 18:44:10+00:00,btc_mxn,1141480.0,1142600.0,0.098
2024-07-17 18:44:11+00:00,btc_mxn,1141480.0,1142600.0,0.098
2024-07-17 18:44:12+00:00,btc_mxn,1141480.0,1142600.0,0.098
2024-07-17 18:44:13+00:00,btc_mxn,1141480.0,1142600.0,0.098
2024-07-17 18:44:14+00:00,btc_mxn,1141480.0,1142600.0,0.098
2024-07-17 18:44:15+00:00,btc_mxn,1141530.0,1142600.0,0.094
2024-07-17 18:44:16+00:00,btc_mxn,1141530.0,1142600.0,0.094
2024-07-17 18:44:17+00:00,btc_mxn,1141640.0,1142600.0,0.084
2024-07-17 18:44:18+00:00,btc_mxn,1141640.0,1142600.0,0.084
2024-07-17 18:44:19+00:00,btc_mxn,1141640.0,1142600.0,0.084
2024-07-17 18:44:20+00:00,btc_mxn,1141640.0,1142600.0,0.084
2024-07-17 18:44:21+00:00,btc_mxn,1141640.0,1142600.0,0.084
2024-07-17 18:44:22+00:00,btc_mxn,1141640.0,1142600.0,0.084
2024-07-17 18:44:23+00:00,btc_mxn,1141910.0,1142600.0,0.06
2024-07-17 18:44:24+00:00,btc_mxn,1141910.0,1142600.0,0.06
2024-07-17 18:44:25+00:00,btc_mxn,1141980.0,1142600.0,0.054
2024-07-17 18:44:26+00:00,btc_mxn,1141980.0,1142600.0,0.054
2024-07-17 18:44:27+00:00,btc_mxn,1141980.0,1142600.0,0.054
2024-07-17 18:44:28+00:00,btc_mxn,1141980.0,1142600.0,0.054
2024-07-17 18:44:29+00:00,btc_mxn,1141980.0,1142600.0,0.054
2024-07-17 18:44:30+00:00,btc_mxn,1141980.0,1142600.0,0.054
2024-07-17 18:44:31+00:00,btc_mxn,1141980.0,1142600.0,0.054
2024-07-17 18:44:32+00:00,btc_mxn,1141980.0,1142600.0,0.054
2024-07-17 18:44:33+00:00,btc_mxn,1141980.0,1142600.0,0.054
2024-07-17 18:44:34+00:00,btc_mxn,1141980.0,1142600.0,0.054
2024-07-17 18:44:35+00:00,btc_mxn,1141980.0,1142600.0,0.054
2024-07-17 18:44:36+00:00,btc_mxn,1141980.0,1142600.0,0.054
2024-07-17 18:44:38+00:00,btc_mxn,1141980.0,1142600.0,0.054
2024-07-17 18:44:38+00:00,btc_mxn,1141980.0,1142600.0,0.054
2024-07-17 18:44:39+00:00,btc_mxn,1141980.0,1142600.0,0.054
2024-07-17 18:44:40+00:00,btc_mxn,1141980.0,1142600.0,0.054
2024-07-17 18:44:41+00:00,btc_mxn,1141980.0,1142600.0,0.054
2024-07-17 18:44:42+00:00,btc_mxn,1141980.0,1142600.0,0.054
2024-07-17 18:44:43+00:00,btc_mxn,1141980.0,1142600.0,0.054
2024-07-17 18:44:44+00:00,btc_mxn,1141980.0,1142600.0,0.054
2024-07-17 18:44:45+00:00,btc_mxn,1141980.0,1142600.0,0.054
2024-07-17 18:44:46+00:00,btc_mxn,1141980.0,1142600.0,0.054
2024-07-17 18:44:48+00:00,btc_mxn,1141980.0,1142600.0,0.054
2024-07-17 18:44:48+00:00,btc_mxn,1141980.0,1142600.0,0.054
2024-07-17 18:44:49+00:00,btc_mxn,1141980.0,1142600.0,0.054
2024-07-17 18:44:50+00:00,btc_mxn,1141980.0,1142600.0,0.054
2024-07-17 18:44:51+00:00,btc_mxn,1141980.0,1142600.0,0.054
2024-07-17 18:44:52+00:00,btc_mxn,1141980.0,1142600.0,0.054
2024-07-17 18:44:54+00:00,btc_mxn,1141980.0,1142600.0,0.054
2024-07-17 18:44:55+00:00,btc_mxn,1141980.0,1142600.0,0.054
2024-07-17 18:44:56+00:00,btc_mxn,1141980.0,1142600.0,0.054
2024-07-17 18:44:57+00:00,btc_mxn,1141980.0,1142600.0,0.054
2024-07-17 18:44:58+00:00,btc_mxn,1141980.0,1142600.0,0.054
2024-07-17 18:44:59+00:00,btc_mxn,1141980.0,1142600.0,0.054
2024-07-17 18:45:00+00:00,btc_mxn,1141980.0,1142600.0,0.054
2024-07-17 18:45:01+00:00,btc_mxn,1141980.0,1142600.0,0.054
2024-07-17 18:45:02+00:00,btc_mxn,1141980.0,1142600.0,0.054
2024-07-17 18:45:03+00:00,btc_mxn,1141980.0,1142600.0,0.054
2024-07-17 18:45:04+00:00,btc_mxn,1141640.0,1142600.0,0.084
2024-07-17 18:45:05+00:00,btc_mxn,1141550.0,1142600.0,0.092
2024-07-17 18:45:06+00:00,btc_mxn,1141480.0,1142600.0,0.098
2024-07-17 18:45:08+00:00,btc_mxn,1141480.0,1142600.0,0.098
2024-07-17 18:45:09+00:00,btc_mxn,1141480.0,1142600.0,0.098
2024-07-17 18:45:09+00:00,btc_mxn,1141480.0,1142650.0,0.102
2024-07-17 18:45:11+00:00,btc_mxn,1141480.0,1142650.0,0.102
2024-07-17 18:45:12+00:00,btc_mxn,1141480.0,1142650.0,0.102
2024-07-17 18:45:13+00:00,btc_mxn,1141480.0,1142650.0,0.102
2024-07-17 18:45:14+00:00,btc_mxn,1141480.0,1142650.0,0.102
2024-07-17 18:45:15+00:00,btc_mxn,1141480.0,1142650.0,0.102
2024-07-17 18:45:16+00:00,btc_mxn,1141480.0,1142650.0,0.102
2024-07-17 18:45:17+00:00,btc_mxn,1141480.0,1142650.0,0.102
2024-07-17 18:45:18+00:00,btc_mxn,1141480.0,1142650.0,0.102
2024-07-17 18:45:19+00:00,btc_mxn,1141480.0,1142650.0,0.102
2024-07-17 18:45:20+00:00,btc_mxn,1141480.0,1142650.0,0.102
2024-07-17 18:45:21+00:00,btc_mxn,1141480.0,1142650.0,0.102
2024-07-17 18:45:22+00:00,btc_mxn,1141480.0,1142650.0,0.102
2024-07-17 18:45:23+00:00,btc_mxn,1141480.0,1142650.0,0.102
2024-07-17 18:45:24+00:00,btc_mxn,1141480.0,1142650.0,0.102
2024-07-17 18:45:25+00:00,btc_mxn,1141480.0,1142650.0,0.102
2024-07-17 18:45:26+00:00,btc_mxn,1141480.0,1142650.0,0.102
2024-07-17 18:45:27+00:00,btc_mxn,1141480.0,1142650.0,0.102
2024-07-17 18:45:28+00:00,btc_mxn,1141480.0,1142650.0,0.102
2024-07-17 18:45:29+00:00,btc_mxn,1141480.0,1142650.0,0.102
2024-07-17 18:45:30+00:00,btc_mxn,1141480.0,1142640.0,0.102
2024-07-17 18:45:31+00:00,btc_mxn,1141480.0,1142640.0,0.102
2024-07-17 18:45:32+00:00,btc_mxn,1141480.0,1142640.0,0.102
2024-07-17 18:45:33+00:00,btc_mxn,1141480.0,1142630.0,0.101
2024-07-17 18:45:34+00:00,btc_mxn,1141480.0,1142630.0,0.101
2024-07-17 18:45:35+00:00,btc_mxn,1141480.0,1142630.0,0.101
2024-07-17 18:45:36+00:00,btc_mxn,1141480.0,1142630.0,0.101
2024-07-17 18:45:37+00:00,btc_mxn,1141480.0,1142630.0,0.101
2024-07-17 18:45:38+00:00,btc_mxn,1141480.0,1142630.0,0.101
2024-07-17 18:45:39+00:00,btc_mxn,1141480.0,1142630.0,0.101
2024-07-17 18:45:40+00:00,btc_mxn,1141480.0,1142630.0,0.101
2024-07-17 18:45:41+00:00,btc_mxn,1141480.0,1142630.0,0.101
2024-07-17 18:45:42+00:00,btc_mxn,1141480.0,1142630.0,0.101
2024-07-17 18:45:43+00:00,btc_mxn,1141480.0,1142630.0,0.101
2024-07-17 18:45:44+00:00,btc_mxn,1141480.0,1142630.0,0.101
2024-07-17 18:45:45+00:00,btc_mxn,1141480.0,1142630.0,0.101
2024-07-17 18:45:46+00:00,btc_mxn,1141480.0,1142630.0,0.101
2024-07-17 18:45:47+00:00,btc_mxn,1141480.0,1142630.0,0.101
2024-07-17 18:45:48+00:00,btc_mxn,1141480.0,1142630.0,0.101
2024-07-17 18:45:49+00:00,btc_mxn,1141480.0,1142630.0,0.101
2024-07-17 18:45:50+00:00,btc_mxn,1141480.0,1142630.0,0.101
2024-07-17 18:45:51+00:00,btc_mxn,1141480.0,1142630.0,0.101
2024-07-17 18:45:52+00:00,btc_mxn,1141480.0,1142630.0,0.101
2024-07-17 18:45:53+00:00,btc_mxn,1141480.0,1142630.0,0.101
2024-07-17 18:45:54+00:00,btc_mxn,1141480.0,1142630.0,0.101
2024-07-17 18:45:55+00:00,btc_mxn,1141480.0,1142630.0,0.101
2024-07-17 18:45:56+00:00,btc_mxn,1141480.0,1142630.0,0.101
2024-07-17 18:45:57+00:00,btc_mxn,1141480.0,1142630.0,0.101
2024-07-17 18:45:58+00:00,btc_mxn,1141480.0,1142630.0,0.101
2024-07-17 18:45:59+00:00,btc_mxn,1141480.0,1142630.0,0.101
2024-07-17 18:46:01+00:00,btc_mxn,1141480.0,1142630.0,0.101
2024-07-17 18:46:01+00:00,btc_mxn,1141480.0,1142630.0,0.101
2024-07-17 18:46:03+00:00,btc_mxn,1141480.0,1142460.0,0.086
2024-07-17 18:46:04+00:00,btc_mxn,1141480.0,1142390.0,0.08
2024-07-17 18:46:05+00:00,btc_mxn,1141480.0,1142340.0,0.075
2024-07-17 18:46:06+00:00,btc_mxn,1141480.0,1142340.0,0.075
2024-07-17 18:46:07+00:00,btc_mxn,1141480.0,1142340.0,0.075
2024-07-17 18:46:08+00:00,btc_mxn,1141480.0,1142340.0,0.075
2024-07-17 18:46:09+00:00,btc_mxn,1141480.0,1142260.0,0.068
2024-07-17 18:46:10+00:00,btc_mxn,1141480.0,1142250.0,0.067
2024-07-17 18:46:11+00:00,btc_mxn,1141480.0,1142250.0,0.067
2024-07-17 18:46:12+00:00,btc_mxn,1141480.0,1142250.0,0.067
2024-07-17 18:46:13+00:00,btc_mxn,1141480.0,1142220.0,0.065
2024-07-17 18:46:14+00:00,btc_mxn,1141480.0,1142260.0,0.068
2024-07-17 18:46:15+00:00,btc_mxn,1141480.0,1142000.0,0.046
2024-07-17 18:46:17+00:00,btc_mxn,1141480.0,1142000.0,0.046
2024-07-17 18:46:18+00:00,btc_mxn,1141480.0,1142000.0,0.046
2024-07-17 18:46:19+00:00,btc_mxn,1141480.0,1142000.0,0.046
2024-07-17 18:46:20+00:00,btc_mxn,1141480.0,1142000.0,0.046
2024-07-17 18:46:21+00:00,btc_mxn,1141480.0,1142000.0,0.046
2024-07-17 18:46:22+00:00,btc_mxn,1141480.0,1142000.0,0.046
2024-07-17 18:46:23+00:00,btc_mxn,1141480.0,1142000.0,0.046
2024-07-17 18:46:24+00:00,btc_mxn,1141480.0,1142000.0,0.046
2024-07-17 18:46:25+00:00,btc_mxn,1141480.0,1141970.0,0.043
2024-07-17 18:46:26+00:00,btc_mxn,1141480.0,1141970.0,0.043
2024-07-17 18:46:27+00:00,btc_mxn,1141480.0,1141880.0,0.035
2024-07-17 18:46:28+00:00,btc_mxn,1141480.0,1141880.0,0.035
2024-07-17 18:46:29+00:00,btc_mxn,1141480.0,1141880.0,0.035
2024-07-17 18:46:30+00:00,btc_mxn,1141480.0,1141760.0,0.025
2024-07-17 18:46:31+00:00,btc_mxn,1141480.0,1141690.0,0.018
2024-07-17 18:46:32+00:00,btc_mxn,1141480.0,1141690.0,0.018
2024-07-17 18:46:33+00:00,btc_mxn,1141480.0,1141690.0,0.018
2024-07-17 18:46:34+00:00,btc_mxn,1141480.0,1141690.0,0.018
2024-07-17 18:46:35+00:00,btc_mxn,1141480.0,1141690.0,0.018
2024-07-17 18:46:36+00:00,btc_mxn,1141480.0,1141690.0,0.018
2024-07-17 18:46:37+00:00,btc_mxn,1141480.0,1141690.0,0.018
2024-07-17 18:46:38+00:00,btc_mxn,1141480.0,1141690.0,0.018
2024-07-17 18:46:39+00:00,btc_mxn,1141480.0,1141690.0,0.018
2024-07-17 18:46:40+00:00,btc_mxn,1141480.0,1141690.0,0.018
2024-07-17 18:46:41+00:00,btc_mxn,1141480.0,1141690.0,0.018
2024-07-17 18:46:42+00:00,btc_mxn,1141480.0,1141690.0,0.018
2024-07-17 18:46:43+00:00,btc_mxn,1141480.0,1141690.0,0.018
2024-07-17 18:46:44+00:00,btc_mxn,1141480.0,1141690.0,0.018
2024-07-17 18:46:45+00:00,btc_mxn,1141480.0,1141690.0,0.018
2024-07-17 18:46:46+00:00,btc_mxn,1141480.0,1141690.0,0.018
2024-07-17 18:46:47+00:00,btc_mxn,1141480.0,1141690.0,0.018
2024-07-17 18:46:48+00:00,btc_mxn,1141480.0,1141690.0,0.018
2024-07-17 18:46:49+00:00,btc_mxn,1141480.0,1141690.0,0.018
2024-07-17 18:46:50+00:00,btc_mxn,1141480.0,1141690.0,0.018
2024-07-17 18:46:52+00:00,btc_mxn,1141480.0,1141690.0,0.018
2024-07-17 18:46:52+00:00,btc_mxn,1141480.0,1141690.0,0.018
2024-07-17 18:46:53+00:00,btc_mxn,1141480.0,1141690.0,0.018
2024-07-17 18:46:54+00:00,btc_mxn,1141480.0,1141690.0,0.018
2024-07-17 18:46:55+00:00,btc_mxn,1141480.0,1141690.0,0.018
2024-07-17 18:46:56+00:00,btc_mxn,1141480.0,1141690.0,0.018
2024-07-17 18:46:57+00:00,btc_mxn,1141480.0,1141690.0,0.018
2024-07-17 18:46:58+00:00,btc_mxn,1141480.0,1141690.0,0.018
2024-07-17 18:47:00+00:00,btc_mxn,1141480.0,1141690.0,0.018
2024-07-17 18:47:01+00:00,btc_mxn,1141480.0,1141690.0,0.018
2024-07-17 18:47:02+00:00,btc_mxn,1141480.0,1141690.0,0.018
2024-07-17 18:47:03+00:00,btc_mxn,1141480.0,1141690.0,0.018
2024-07-17 18:47:04+00:00,btc_mxn,1141480.0,1141690.0,0.018
2024-07-17 18:47:05+00:00,btc_mxn,1141480.0,1141690.0,0.018
2024-07-17 18:47:06+00:00,btc_mxn,1141480.0,1141690.0,0.018
2024-07-17 18:47:07+00:00,btc_mxn,1141480.0,1141690.0,0.018
2024-07-17 18:47:08+00:00,btc_mxn,1141480.0,1141690.0,0.018
2024-07-17 18:47:09+00:00,btc_mxn,1140529.98,1140530.02,0.0
2024-07-17 18:47:10+00:00,btc_mxn,1140529.98,1140530.02,0.0
2024-07-17 18:47:11+00:00,btc_mxn,1140529.98,1140530.02,0.0
2024-07-17 18:47:12+00:00,btc_mxn,1140529.98,1140530.02,0.0
2024-07-17 18:47:13+00:00,btc_mxn,1140529.98,1140530.02,0.0
2024-07-17 18:47:14+00:00,btc_mxn,1140529.98,1140530.02,0.0
2024-07-17 18:47:15+00:00,btc_mxn,1140529.98,1140530.02,0.0
2024-07-17 18:47:16+00:00,btc_mxn,1140529.98,1140530.02,0.0
2024-07-17 18:47:17+00:00,btc_mxn,1140529.98,1140530.02,0.0
2024-07-17 18:47:18+00:00,btc_mxn,1140529.98,1140530.02,0.0
2024-07-17 18:47:19+00:00,btc_mxn,1140529.98,1140530.02,0.0
2024-07-17 18:47:20+00:00,btc_mxn,1140529.98,1140530.02,0.0
