orderbook_timestamp,book,bid,ask,spread
2024-07-18 12:30:04+00:00,btc_mxn,1144919.98,1144920.02,0.0
2024-07-18 12:30:05+00:00,btc_mxn,1144919.98,1144920.02,0.0
2024-07-18 12:30:06+00:00,btc_mxn,1144919.98,1144920.02,0.0
2024-07-18 12:30:07+00:00,btc_mxn,1144919.98,1144920.02,0.0
2024-07-18 12:30:08+00:00,btc_mxn,1144919.98,1144920.02,0.0
2024-07-18 12:30:09+00:00,btc_mxn,1144919.98,1144920.02,0.0
2024-07-18 12:30:10+00:00,btc_mxn,1144919.98,1144920.02,0.0
2024-07-18 12:30:11+00:00,btc_mxn,1144920.0,1144920.02,0.0
2024-07-18 12:30:12+00:00,btc_mxn,1144920.0,1144920.02,0.0
2024-07-18 12:30:13+00:00,btc_mxn,1144920.0,1144920.02,0.0
2024-07-18 12:30:14+00:00,btc_mxn,1144920.0,1144920.02,0.0
2024-07-18 12:30:15+00:00,btc_mxn,1144920.0,1144920.02,0.0
2024-07-18 12:30:16+00:00,btc_mxn,1144920.0,1144920.02,0.0
2024-07-18 12:30:17+00:00,btc_mxn,1144920.0,1144920.02,0.0
2024-07-18 12:30:18+00:00,btc_mxn,1144920.0,1144920.02,0.0
2024-07-18 12:30:19+00:00,btc_mxn,1144920.0,1144920.02,0.0
2024-07-18 12:30:20+00:00,btc_mxn,1144920.0,1144920.02,0.0
2024-07-18 12:30:21+00:00,btc_mxn,1144920.0,1144920.02,0.0
2024-07-18 12:30:22+00:00,btc_mxn,1144920.0,1144920.02,0.0
2024-07-18 12:30:23+00:00,btc_mxn,1144920.0,1144920.02,0.0
2024-07-18 12:30:24+00:00,btc_mxn,1144920.0,1144920.02,0.0
2024-07-18 12:30:25+00:00,btc_mxn,1144920.0,1144920.02,0.0
2024-07-18 12:30:26+00:00,btc_mxn,1144920.0,1144920.02,0.0
2024-07-18 12:30:27+00:00,btc_mxn,1144920.0,1144920.02,0.0
2024-07-18 12:30:28+00:00,btc_mxn,1144920.0,1144920.02,0.0
2024-07-18 12:30:29+00:00,btc_mxn,1144920.0,1144920.02,0.0
2024-07-18 12:30:30+00:00,btc_mxn,1144920.0,1144920.02,0.0
2024-07-18 12:30:31+00:00,btc_mxn,1144920.0,1144920.02,0.0
2024-07-18 12:30:32+00:00,btc_mxn,1144920.0,1144920.02,0.0
2024-07-18 12:30:34+00:00,btc_mxn,1144920.0,1144920.02,0.0
2024-07-18 12:30:35+00:00,btc_mxn,1144920.0,1144920.02,0.0
2024-07-18 12:30:36+00:00,btc_mxn,1144920.0,1144920.02,0.0
2024-07-18 12:30:37+00:00,btc_mxn,1144920.0,1144920.02,0.0
2024-07-18 12:30:38+00:00,btc_mxn,1144920.0,1144920.02,0.0
2024-07-18 12:30:39+00:00,btc_mxn,1144920.0,1144920.02,0.0
2024-07-18 12:30:40+00:00,btc_mxn,1144920.0,1144920.02,0.0
2024-07-18 12:30:41+00:00,btc_mxn,1144920.0,1144920.02,0.0
2024-07-18 12:30:42+00:00,btc_mxn,1144920.0,1144920.02,0.0
2024-07-18 12:30:43+00:00,btc_mxn,1144920.0,1144920.02,0.0
2024-07-18 12:30:44+00:00,btc_mxn,1144920.0,1144920.02,0.0
2024-07-18 12:30:45+00:00,btc_mxn,1144920.0,1144920.02,0.0
2024-07-18 12:30:46+00:00,btc_mxn,1144920.0,1144920.02,0.0
2024-07-18 12:30:47+00:00,btc_mxn,1144920.0,1144920.02,0.0
2024-07-18 12:30:48+00:00,btc_mxn,1144920.0,1144920.02,0.0
2024-07-18 12:30:49+00:00,btc_mxn,1144920.0,1144920.02,0.0
2024-07-18 12:30:50+00:00,btc_mxn,1144920.0,1144920.02,0.0
2024-07-18 12:30:51+00:00,btc_mxn,1144920.0,1144920.02,0.0
2024-07-18 12:30:52+00:00,btc_mxn,1144920.0,1144920.02,0.0
2024-07-18 12:30:53+00:00,btc_mxn,1144920.0,1144920.02,0.0
2024-07-18 12:30:54+00:00,btc_mxn,1144920.0,1144920.02,0.0
2024-07-18 12:30:55+00:00,btc_mxn,1144920.0,1144920.02,0.0
2024-07-18 12:30:56+00:00,btc_mxn,1144920.0,1144920.02,0.0
2024-07-18 12:30:57+00:00,btc_mxn,1144920.0,1144920.02,0.0
2024-07-18 12:30:58+00:00,btc_mxn,1144919.98,1144920.02,0.0
2024-07-18 12:30:59+00:00,btc_mxn,1144919.98,1144920.02,0.0
2024-07-18 12:31:00+00:00,btc_mxn,1144919.98,1144920.02,0.0
2024-07-18 12:31:01+00:00,btc_mxn,1144919.98,1144920.02,0.0
2024-07-18 12:31:02+00:00,btc_mxn,1144919.98,1144920.02,0.0
2024-07-18 12:31:03+00:00,btc_mxn,1144919.98,1144920.02,0.0
2024-07-18 12:31:04+00:00,btc_mxn,1144919.98,1144920.02,0.0
2024-07-18 12:31:05+00:00,btc_mxn,1144919.98,1144920.02,0.0
2024-07-18 12:31:06+00:00,btc_mxn,1144820.0,1144820.02,0.0
2024-07-18 12:31:07+00:00,btc_mxn,1144820.0,1144820.02,0.0
2024-07-18 12:31:08+00:00,btc_mxn,1144820.0,1144820.02,0.0
2024-07-18 12:31:09+00:00,btc_mxn,1144820.0,1144820.02,0.0
2024-07-18 12:31:10+00:00,btc_mxn,1144820.0,1144820.02,0.0
2024-07-18 12:31:11+00:00,btc_mxn,1144820.0,1144820.02,0.0
2024-07-18 12:31:12+00:00,btc_mxn,1144820.0,1144820.02,0.0
2024-07-18 12:31:13+00:00,btc_mxn,1144820.0,1144820.02,0.0
2024-07-18 12:31:14+00:00,btc_mxn,1144820.0,1144820.02,0.0
2024-07-18 12:31:15+00:00,btc_mxn,1144820.0,1144820.02,0.0
2024-07-18 12:31:16+00:00,btc_mxn,1144820.0,1144820.02,0.0
2024-07-18 12:31:17+00:00,btc_mxn,1144820.0,1144820.02,0.0
2024-07-18 12:31:18+00:00,btc_mxn,1144820.0,1144820.02,0.0
2024-07-18 12:31:19+00:00,btc_mxn,1144820.0,1144820.02,0.0
2024-07-18 12:31:20+00:00,btc_mxn,1144820.0,1144820.02,0.0
2024-07-18 12:31:21+00:00,btc_mxn,1144820.0,1144820.02,0.0
2024-07-18 12:31:22+00:00,btc_mxn,1144820.0,1144820.02,0.0
2024-07-18 12:31:23+00:00,btc_mxn,1144820.0,1144820.02,0.0
2024-07-18 12:31:25+00:00,btc_mxn,1144820.0,1144820.02,0.0
2024-07-18 12:31:25+00:00,btc_mxn,1144820.0,1144820.02,0.0
2024-07-18 12:31:27+00:00,btc_mxn,1144820.0,1144820.02,0.0
2024-07-18 12:31:28+00:00,btc_mxn,1144820.0,1144820.02,0.0
2024-07-18 12:31:29+00:00,btc_mxn,1144820.0,1144820.02,0.0
2024-07-18 12:31:30+00:00,btc_mxn,1144820.0,1144820.02,0.0
2024-07-18 12:31:31+00:00,btc_mxn,1144820.0,1144820.02,0.0
2024-07-18 12:31:32+00:00,btc_mxn,1144820.0,1144820.02,0.0
2024-07-18 12:31:33+00:00,btc_mxn,1144820.0,1144820.02,0.0
2024-07-18 12:31:34+00:00,btc_mxn,1144820.0,1144820.02,0.0
2024-07-18 12:31:35+00:00,btc_mxn,1144820.0,1144820.02,0.0
2024-07-18 12:31:36+00:00,btc_mxn,1144820.0,1144820.02,0.0
2024-07-18 12:31:37+00:00,btc_mxn,1144820.0,1144820.02,0.0
2024-07-18 12:31:38+00:00,btc_mxn,1144820.0,1144820.02,0.0
2024-07-18 12:31:39+00:00,btc_mxn,1144820.0,1144820.02,0.0
2024-07-18 12:31:40+00:00,btc_mxn,1144820.0,1144820.02,0.0
2024-07-18 12:31:41+00:00,btc_mxn,1144820.0,1144820.02,0.0
2024-07-18 12:31:42+00:00,btc_mxn,1144820.0,1144820.02,0.0
2024-07-18 12:31:43+00:00,btc_mxn,1144820.0,1144820.02,0.0
2024-07-18 12:31:44+00:00,btc_mxn,1144820.0,1144820.02,0.0
2024-07-18 12:31:45+00:00,btc_mxn,1144820.0,1144820.02,0.0
2024-07-18 12:31:46+00:00,btc_mxn,1144820.0,1144820.02,0.0
2024-07-18 12:31:47+00:00,btc_mxn,1144820.0,1144820.02,0.0
2024-07-18 12:31:48+00:00,btc_mxn,1144820.0,1144820.02,0.0
2024-07-18 12:31:49+00:00,btc_mxn,1144820.0,1144820.02,0.0
2024-07-18 12:31:50+00:00,btc_mxn,1144820.0,1144820.02,0.0
2024-07-18 12:31:51+00:00,btc_mxn,1144820.0,1144820.02,0.0
2024-07-18 12:31:52+00:00,btc_mxn,1144820.0,1144820.02,0.0
2024-07-18 12:31:53+00:00,btc_mxn,1144820.0,1144820.02,0.0
2024-07-18 12:31:54+00:00,btc_mxn,1144820.0,1144820.02,0.0
2024-07-18 12:31:55+00:00,btc_mxn,1144820.0,1144820.02,0.0
2024-07-18 12:31:56+00:00,btc_mxn,1144820.0,1144820.02,0.0
2024-07-18 12:31:57+00:00,btc_mxn,1144820.0,1144820.02,0.0
2024-07-18 12:31:58+00:00,btc_mxn,1144820.0,1144820.02,0.0
2024-07-18 12:31:59+00:00,btc_mxn,1144820.0,1144820.02,0.0
2024-07-18 12:32:00+00:00,btc_mxn,1144820.0,1144820.02,0.0
2024-07-18 12:32:01+00:00,btc_mxn,1144820.0,1144820.02,0.0
2024-07-18 12:32:02+00:00,btc_mxn,1144820.0,1144820.02,0.0
2024-07-18 12:32:03+00:00,btc_mxn,1144820.0,1144820.02,0.0
2024-07-18 12:32:04+00:00,btc_mxn,1144820.0,1144820.02,0.0
2024-07-18 12:32:05+00:00,btc_mxn,1144820.0,1144820.02,0.0
2024-07-18 12:32:06+00:00,btc_mxn,1144820.0,1144820.02,0.0
2024-07-18 12:32:07+00:00,btc_mxn,1144820.0,1144820.02,0.0
2024-07-18 12:32:08+00:00,btc_mxn,1144820.0,1144820.02,0.0
2024-07-18 12:32:09+00:00,btc_mxn,1144820.0,1144820.02,0.0
2024-07-18 12:32:10+00:00,btc_mxn,1144820.0,1144820.02,0.0
2024-07-18 12:32:11+00:00,btc_mxn,1144820.0,1144820.02,0.0
2024-07-18 12:32:12+00:00,btc_mxn,1144820.0,1144820.02,0.0
2024-07-18 12:32:13+00:00,btc_mxn,1144820.0,1144820.02,0.0
2024-07-18 12:32:14+00:00,btc_mxn,1144820.0,1144820.02,0.0
2024-07-18 12:32:15+00:00,btc_mxn,1144820.0,1144820.02,0.0
2024-07-18 12:32:16+00:00,btc_mxn,1144820.0,1144820.02,0.0
2024-07-18 12:32:18+00:00,btc_mxn,1144820.0,1144820.02,0.0
2024-07-18 12:32:18+00:00,btc_mxn,1144820.0,1144820.02,0.0
2024-07-18 12:32:20+00:00,btc_mxn,1144820.0,1144820.02,0.0
2024-07-18 12:32:21+00:00,btc_mxn,1144820.0,1144820.02,0.0
2024-07-18 12:32:22+00:00,btc_mxn,1144820.0,1144820.02,0.0
2024-07-18 12:32:23+00:00,btc_mxn,1144820.0,1144820.02,0.0
2024-07-18 12:32:24+00:00,btc_mxn,1144820.0,1144820.02,0.0
2024-07-18 12:32:25+00:00,btc_mxn,1144820.0,1144820.02,0.0
2024-07-18 12:32:26+00:00,btc_mxn,1144820.0,1144820.02,0.0
2024-07-18 12:32:27+00:00,btc_mxn,1144820.0,1144820.02,0.0
2024-07-18 12:32:28+00:00,btc_mxn,1144820.0,1144820.02,0.0
2024-07-18 12:32:29+00:00,btc_mxn,1144820.0,1144820.02,0.0
2024-07-18 12:32:30+00:00,btc_mxn,1144820.0,1144820.02,0.0
2024-07-18 12:32:31+00:00,btc_mxn,1144820.0,1144820.02,0.0
2024-07-18 12:32:32+00:00,btc_mxn,1144820.0,1144820.02,0.0
2024-07-18 12:32:33+00:00,btc_mxn,1144820.0,1144820.02,0.0
2024-07-18 12:32:34+00:00,btc_mxn,1144820.0,1144820.02,0.0
2024-07-18 12:32:35+00:00,btc_mxn,1144820.0,1144820.02,0.0
2024-07-18 12:32:36+00:00,btc_mxn,1144820.0,1144820.02,0.0
2024-07-18 12:32:37+00:00,btc_mxn,1144820.0,1144820.02,0.0
2024-07-18 12:32:38+00:00,btc_mxn,1144820.0,1144820.02,0.0
2024-07-18 12:32:39+00:00,btc_mxn,1144820.0,1144820.02,0.0
2024-07-18 12:32:40+00:00,btc_mxn,1144820.0,1144820.02,0.0
2024-07-18 12:32:41+00:00,btc_mxn,1144820.0,1144820.02,0.0
2024-07-18 12:32:42+00:00,btc_mxn,1144820.0,1144820.02,0.0
2024-07-18 12:32:43+00:00,btc_mxn,1144820.0,1144820.02,0.0
2024-07-18 12:32:44+00:00,btc_mxn,1144820.0,1144820.02,0.0
2024-07-18 12:32:45+00:00,btc_mxn,1144820.0,1144820.02,0.0
2024-07-18 12:32:46+00:00,btc_mxn,1144820.0,1144820.02,0.0
2024-07-18 12:32:47+00:00,btc_mxn,1144820.0,1144820.02,0.0
2024-07-18 12:32:48+00:00,btc_mxn,1144820.0,1144820.02,0.0
2024-07-18 12:32:49+00:00,btc_mxn,1144820.0,1144820.02,0.0
2024-07-18 12:32:50+00:00,btc_mxn,1144820.0,1144820.02,0.0
2024-07-18 12:32:51+00:00,btc_mxn,1144820.0,1144820.02,0.0
2024-07-18 12:32:52+00:00,btc_mxn,1144820.0,1144820.02,0.0
2024-07-18 12:32:53+00:00,btc_mxn,1144820.0,1144820.02,0.0
2024-07-18 12:32:54+00:00,btc_mxn,1144820.0,1144820.02,0.0
2024-07-18 12:32:55+00:00,btc_mxn,1144820.0,1144820.02,0.0
2024-07-18 12:32:56+00:00,btc_mxn,1144820.0,1144820.02,0.0
2024-07-18 12:32:57+00:00,btc_mxn,1144820.0,1144820.02,0.0
2024-07-18 12:32:58+00:00,btc_mxn,1144820.0,1144820.02,0.0
2024-07-18 12:32:59+00:00,btc_mxn,1144820.0,1144820.02,0.0
2024-07-18 12:33:00+00:00,btc_mxn,1144820.0,1144820.02,0.0
2024-07-18 12:33:01+00:00,btc_mxn,1144820.0,1144820.02,0.0
2024-07-18 12:33:02+00:00,btc_mxn,1144820.0,1144820.02,0.0
2024-07-18 12:33:03+00:00,btc_mxn,1144820.0,1144820.02,0.0
2024-07-18 12:33:04+00:00,btc_mxn,1144820.0,1144820.02,0.0
2024-07-18 12:33:05+00:00,btc_mxn,1144820.0,1144820.02,0.0
2024-07-18 12:33:06+00:00,btc_mxn,1144820.0,1144820.02,0.0
2024-07-18 12:33:07+00:00,btc_mxn,1144820.0,1144820.02,0.0
2024-07-18 12:33:08+00:00,btc_mxn,1144820.0,1144820.02,0.0
2024-07-18 12:33:09+00:00,btc_mxn,1144820.0,1144820.02,0.0
2024-07-18 12:33:10+00:00,btc_mxn,1144820.0,1144820.02,0.0
2024-07-18 12:33:11+00:00,btc_mxn,1144820.0,1144820.02,0.0
2024-07-18 12:33:12+00:00,btc_mxn,1144820.0,1144820.02,0.0
2024-07-18 12:33:13+00:00,btc_mxn,1144820.0,1144820.02,0.0
2024-07-18 12:33:14+00:00,btc_mxn,1144820.0,1144820.02,0.0
2024-07-18 12:33:15+00:00,btc_mxn,1144820.0,1144820.02,0.0
2024-07-18 12:33:16+00:00,btc_mxn,1144820.0,1144820.02,0.0
2024-07-18 12:33:17+00:00,btc_mxn,1144820.0,1144820.02,0.0
2024-07-18 12:33:18+00:00,btc_mxn,1144820.0,1144820.02,0.0
2024-07-18 12:33:19+00:00,btc_mxn,1144820.0,1144820.02,0.0
2024-07-18 12:33:20+00:00,btc_mxn,1144820.0,1144820.02,0.0
2024-07-18 12:33:21+00:00,btc_mxn,1144820.0,1144820.02,0.0
2024-07-18 12:33:22+00:00,btc_mxn,1144820.0,1144820.02,0.0
2024-07-18 12:33:23+00:00,btc_mxn,1144820.0,1144820.02,0.0
2024-07-18 12:33:24+00:00,btc_mxn,1144820.0,1144820.02,0.0
2024-07-18 12:33:25+00:00,btc_mxn,1144820.0,1144820.02,0.0
2024-07-18 12:33:26+00:00,btc_mxn,1144820.0,1144820.02,0.0
2024-07-18 12:33:27+00:00,btc_mxn,1144820.0,1144820.02,0.0
2024-07-18 12:33:28+00:00,btc_mxn,1144820.0,1144820.02,0.0
2024-07-18 12:33:30+00:00,btc_mxn,1144820.0,1144820.02,0.0
2024-07-18 12:33:31+00:00,btc_mxn,1144820.0,1144820.02,0.0
2024-07-18 12:33:32+00:00,btc_mxn,1144820.0,1144820.02,0.0
2024-07-18 12:33:33+00:00,btc_mxn,1144820.0,1144820.02,0.0
2024-07-18 12:33:34+00:00,btc_mxn,1144820.0,1144820.02,0.0
2024-07-18 12:33:35+00:00,btc_mxn,1144820.0,1144820.02,0.0
2024-07-18 12:33:36+00:00,btc_mxn,1144820.0,1144820.02,0.0
2024-07-18 12:33:37+00:00,btc_mxn,1144820.0,1144820.02,0.0
2024-07-18 12:33:38+00:00,btc_mxn,1144820.0,1144820.02,0.0
2024-07-18 12:33:39+00:00,btc_mxn,1144820.0,1144820.02,0.0
2024-07-18 12:33:40+00:00,btc_mxn,1144820.0,1144820.02,0.0
2024-07-18 12:33:41+00:00,btc_mxn,1144820.0,1144820.02,0.0
2024-07-18 12:33:42+00:00,btc_mxn,1144820.0,1144820.02,0.0
2024-07-18 12:33:43+00:00,btc_mxn,1144820.0,1144820.02,0.0
2024-07-18 12:33:44+00:00,btc_mxn,1144820.0,1144820.02,0.0
2024-07-18 12:33:45+00:00,btc_mxn,1144820.0,1144820.02,0.0
2024-07-18 12:33:46+00:00,btc_mxn,1144820.0,1144820.02,0.0
2024-07-18 12:33:47+00:00,btc_mxn,1144820.0,1144820.02,0.0
2024-07-18 12:33:48+00:00,btc_mxn,1144820.0,1144820.02,0.0
2024-07-18 12:33:49+00:00,btc_mxn,1144820.0,1144820.02,0.0
2024-07-18 12:33:50+00:00,btc_mxn,1144820.0,1144820.02,0.0
2024-07-18 12:33:51+00:00,btc_mxn,1144820.0,1144820.02,0.0
2024-07-18 12:33:52+00:00,btc_mxn,1144820.0,1144820.02,0.0
2024-07-18 12:33:53+00:00,btc_mxn,1144820.0,1144820.02,0.0
2024-07-18 12:33:54+00:00,btc_mxn,1144820.0,1144820.02,0.0
2024-07-18 12:33:55+00:00,btc_mxn,1144820.0,1144820.02,0.0
2024-07-18 12:33:56+00:00,btc_mxn,1144820.0,1144820.02,0.0
2024-07-18 12:33:57+00:00,btc_mxn,1144820.0,1144820.02,0.0
2024-07-18 12:33:58+00:00,btc_mxn,1144820.0,1144820.02,0.0
2024-07-18 12:33:59+00:00,btc_mxn,1144820.0,1144820.02,0.0
2024-07-18 12:34:00+00:00,btc_mxn,1144820.0,1144820.02,0.0
2024-07-18 12:34:02+00:00,btc_mxn,1144820.0,1144820.02,0.0
2024-07-18 12:34:03+00:00,btc_mxn,1144820.0,1144820.02,0.0
2024-07-18 12:34:13+00:00,btc_mxn,1144820.0,1144820.02,0.0
2024-07-18 12:34:13+00:00,btc_mxn,1144820.0,1144820.02,0.0
2024-07-18 12:34:14+00:00,btc_mxn,1144820.0,1144820.02,0.0
2024-07-18 12:34:15+00:00,btc_mxn,1144820.0,1144820.02,0.0
2024-07-18 12:34:16+00:00,btc_mxn,1144820.0,1144820.02,0.0
2024-07-18 12:34:17+00:00,btc_mxn,1144820.0,1144820.02,0.0
2024-07-18 12:34:19+00:00,btc_mxn,1144820.0,1144820.02,0.0
2024-07-18 12:34:20+00:00,btc_mxn,1144820.0,1144820.02,0.0
2024-07-18 12:34:21+00:00,btc_mxn,1144820.0,1144820.02,0.0
2024-07-18 12:34:22+00:00,btc_mxn,1144820.0,1144820.02,0.0
2024-07-18 12:34:24+00:00,btc_mxn,1144820.0,1144820.02,0.0
2024-07-18 12:34:25+00:00,btc_mxn,1144820.0,1144820.02,0.0
2024-07-18 12:34:26+00:00,btc_mxn,1144820.0,1144820.02,0.0
2024-07-18 12:34:27+00:00,btc_mxn,1144820.0,1144820.02,0.0
2024-07-18 12:34:28+00:00,btc_mxn,1144820.0,1144820.02,0.0
2024-07-18 12:34:29+00:00,btc_mxn,1144820.0,1144820.02,0.0
2024-07-18 12:34:30+00:00,btc_mxn,1144820.0,1144820.02,0.0
2024-07-18 12:34:31+00:00,btc_mxn,1144820.0,1144820.02,0.0
2024-07-18 12:34:32+00:00,btc_mxn,1144820.0,1144820.02,0.0
2024-07-18 12:34:33+00:00,btc_mxn,1144820.0,1144820.02,0.0
2024-07-18 12:34:35+00:00,btc_mxn,1144820.0,1144820.02,0.0
2024-07-18 12:34:35+00:00,btc_mxn,1144820.0,1144820.02,0.0
2024-07-18 12:34:36+00:00,btc_mxn,1144820.0,1144820.02,0.0
2024-07-18 12:34:37+00:00,btc_mxn,1144820.0,1144820.02,0.0
2024-07-18 12:34:38+00:00,btc_mxn,1144820.0,1144820.02,0.0
2024-07-18 12:34:39+00:00,btc_mxn,1144820.0,1144820.02,0.0
2024-07-18 12:34:40+00:00,btc_mxn,1144820.0,1144820.02,0.0
2024-07-18 12:34:41+00:00,btc_mxn,1144820.0,1144820.02,0.0
2024-07-18 12:34:42+00:00,btc_mxn,1144820.0,1144820.02,0.0
2024-07-18 12:34:43+00:00,btc_mxn,1144820.0,1144820.02,0.0
2024-07-18 12:34:44+00:00,btc_mxn,1144820.0,1144820.02,0.0
2024-07-18 12:34:45+00:00,btc_mxn,1144820.0,1144820.02,0.0
2024-07-18 12:34:46+00:00,btc_mxn,1144820.0,1144820.02,0.0
2024-07-18 12:34:47+00:00,btc_mxn,1144820.0,1144820.02,0.0
2024-07-18 12:34:48+00:00,btc_mxn,1144820.0,1144820.02,0.0
2024-07-18 12:34:49+00:00,btc_mxn,1144820.0,1144820.02,0.0
2024-07-18 12:34:50+00:00,btc_mxn,1144820.0,1144820.02,0.0
2024-07-18 12:34:51+00:00,btc_mxn,1144820.0,1144820.02,0.0
2024-07-18 12:34:52+00:00,btc_mxn,1144820.0,1144820.02,0.0
2024-07-18 12:34:54+00:00,btc_mxn,1144820.0,1144820.02,0.0
2024-07-18 12:34:55+00:00,btc_mxn,1144820.0,1144820.02,0.0
2024-07-18 12:34:56+00:00,btc_mxn,1144820.0,1144820.02,0.0
2024-07-18 12:34:57+00:00,btc_mxn,1144820.0,1144820.02,0.0
2024-07-18 12:34:58+00:00,btc_mxn,1144820.0,1144820.02,0.0
2024-07-18 12:34:59+00:00,btc_mxn,1144820.0,1144820.02,0.0
2024-07-18 12:35:00+00:00,btc_mxn,1144820.0,1144820.02,0.0
2024-07-18 12:35:01+00:00,btc_mxn,1144820.0,1144820.02,0.0
2024-07-18 12:35:02+00:00,btc_mxn,1144820.0,1144820.02,0.0
2024-07-18 12:35:03+00:00,btc_mxn,1144820.0,1144820.02,0.0
2024-07-18 12:35:04+00:00,btc_mxn,1144820.0,1144820.02,0.0
2024-07-18 12:35:05+00:00,btc_mxn,1144819.98,1144820.02,0.0
2024-07-18 12:35:06+00:00,btc_mxn,1144819.98,1144820.02,0.0
2024-07-18 12:35:07+00:00,btc_mxn,1144819.98,1144820.02,0.0
2024-07-18 12:35:08+00:00,btc_mxn,1144819.98,1144820.02,0.0
2024-07-18 12:35:09+00:00,btc_mxn,1144819.98,1144820.02,0.0
2024-07-18 12:35:10+00:00,btc_mxn,1144819.98,1144820.02,0.0
2024-07-18 12:35:11+00:00,btc_mxn,1144819.98,1144820.02,0.0
2024-07-18 12:35:12+00:00,btc_mxn,1144819.98,1144820.02,0.0
2024-07-18 12:35:13+00:00,btc_mxn,1144819.98,1144820.02,0.0
2024-07-18 12:35:14+00:00,btc_mxn,1144819.98,1144820.02,0.0
2024-07-18 12:35:15+00:00,btc_mxn,1144819.98,1144820.02,0.0
2024-07-18 12:35:16+00:00,btc_mxn,1144819.98,1144820.02,0.0
2024-07-18 12:35:17+00:00,btc_mxn,1144819.98,1144820.02,0.0
2024-07-18 12:35:18+00:00,btc_mxn,1144819.98,1144820.02,0.0
2024-07-18 12:35:19+00:00,btc_mxn,1144819.98,1144820.02,0.0
2024-07-18 12:35:20+00:00,btc_mxn,1144819.98,1144820.02,0.0
2024-07-18 12:35:21+00:00,btc_mxn,1144819.98,1144820.02,0.0
2024-07-18 12:35:22+00:00,btc_mxn,1144819.98,1144820.02,0.0
2024-07-18 12:35:23+00:00,btc_mxn,1144819.98,1144820.02,0.0
2024-07-18 12:35:24+00:00,btc_mxn,1144819.98,1144820.02,0.0
2024-07-18 12:35:25+00:00,btc_mxn,1144819.98,1144820.02,0.0
2024-07-18 12:35:26+00:00,btc_mxn,1144819.98,1144820.02,0.0
2024-07-18 12:35:27+00:00,btc_mxn,1144819.98,1144820.02,0.0
2024-07-18 12:35:28+00:00,btc_mxn,1144819.98,1144820.02,0.0
2024-07-18 12:35:29+00:00,btc_mxn,1144819.98,1144820.02,0.0
2024-07-18 12:35:30+00:00,btc_mxn,1144819.98,1144820.02,0.0
2024-07-18 12:35:31+00:00,btc_mxn,1144819.98,1144820.02,0.0
2024-07-18 12:35:32+00:00,btc_mxn,1144819.98,1144820.02,0.0
2024-07-18 12:35:33+00:00,btc_mxn,1144819.98,1144820.02,0.0
2024-07-18 12:35:34+00:00,btc_mxn,1144819.98,1144820.02,0.0
2024-07-18 12:35:35+00:00,btc_mxn,1144819.98,1144820.02,0.0
2024-07-18 12:35:36+00:00,btc_mxn,1144819.98,1144820.02,0.0
2024-07-18 12:35:37+00:00,btc_mxn,1144819.98,1144820.02,0.0
2024-07-18 12:35:38+00:00,btc_mxn,1144819.98,1144820.02,0.0
2024-07-18 12:35:39+00:00,btc_mxn,1144819.98,1144820.02,0.0
2024-07-18 12:35:40+00:00,btc_mxn,1144819.98,1144820.02,0.0
2024-07-18 12:35:41+00:00,btc_mxn,1144819.98,1144820.02,0.0
2024-07-18 12:35:42+00:00,btc_mxn,1144819.98,1144820.02,0.0
2024-07-18 12:35:43+00:00,btc_mxn,1144819.98,1144820.02,0.0
2024-07-18 12:35:44+00:00,btc_mxn,1144819.98,1144820.02,0.0
2024-07-18 12:35:45+00:00,btc_mxn,1144819.98,1144820.02,0.0
2024-07-18 12:35:46+00:00,btc_mxn,1144819.98,1144820.02,0.0
2024-07-18 12:35:47+00:00,btc_mxn,1144819.98,1144820.02,0.0
2024-07-18 12:35:48+00:00,btc_mxn,1144819.98,1144820.02,0.0
2024-07-18 12:35:50+00:00,btc_mxn,1144819.98,1144820.02,0.0
2024-07-18 12:35:51+00:00,btc_mxn,1144819.98,1144820.02,0.0
2024-07-18 12:35:52+00:00,btc_mxn,1144819.98,1144820.02,0.0
2024-07-18 12:35:53+00:00,btc_mxn,1144819.98,1144820.02,0.0
2024-07-18 12:35:54+00:00,btc_mxn,1144819.98,1144820.02,0.0
2024-07-18 12:35:55+00:00,btc_mxn,1144819.98,1144820.02,0.0
2024-07-18 12:35:56+00:00,btc_mxn,1144819.98,1144820.02,0.0
2024-07-18 12:35:57+00:00,btc_mxn,1144819.98,1144820.02,0.0
2024-07-18 12:35:58+00:00,btc_mxn,1144819.98,1144820.02,0.0
2024-07-18 12:35:59+00:00,btc_mxn,1144819.98,1144820.02,0.0
2024-07-18 12:36:00+00:00,btc_mxn,1144819.98,1144820.02,0.0
2024-07-18 12:36:01+00:00,btc_mxn,1144819.98,1144820.02,0.0
2024-07-18 12:36:02+00:00,btc_mxn,1144819.98,1144820.02,0.0
2024-07-18 12:36:03+00:00,btc_mxn,1144819.98,1144820.02,0.0
2024-07-18 12:36:04+00:00,btc_mxn,1144819.98,1144820.02,0.0
2024-07-18 12:36:05+00:00,btc_mxn,1144819.98,1144820.02,0.0
2024-07-18 12:36:06+00:00,btc_mxn,1143779.98,1143780.02,0.0
2024-07-18 12:36:07+00:00,btc_mxn,1143779.98,1143780.02,0.0
2024-07-18 12:36:08+00:00,btc_mxn,1143779.98,1143780.02,0.0
2024-07-18 12:36:09+00:00,btc_mxn,1143779.98,1143780.02,0.0
2024-07-18 12:36:10+00:00,btc_mxn,1143779.98,1143780.02,0.0
2024-07-18 12:36:11+00:00,btc_mxn,1143779.98,1143780.02,0.0
2024-07-18 12:36:12+00:00,btc_mxn,1143779.98,1143780.02,0.0
2024-07-18 12:36:13+00:00,btc_mxn,1143779.98,1143780.02,0.0
2024-07-18 12:36:14+00:00,btc_mxn,1143779.98,1143780.02,0.0
2024-07-18 12:36:15+00:00,btc_mxn,1143779.98,1143780.02,0.0
2024-07-18 12:36:16+00:00,btc_mxn,1143779.98,1143780.02,0.0
2024-07-18 12:36:17+00:00,btc_mxn,1143779.98,1143780.02,0.0
2024-07-18 12:36:18+00:00,btc_mxn,1143779.98,1143780.02,0.0
2024-07-18 12:36:19+00:00,btc_mxn,1143779.98,1143780.02,0.0
2024-07-18 12:36:20+00:00,btc_mxn,1143779.98,1143780.02,0.0
2024-07-18 12:36:21+00:00,btc_mxn,1143779.98,1143780.02,0.0
2024-07-18 12:36:22+00:00,btc_mxn,1143779.98,1143780.02,0.0
2024-07-18 12:36:23+00:00,btc_mxn,1143779.98,1143780.02,0.0
2024-07-18 12:36:24+00:00,btc_mxn,1143779.98,1143780.02,0.0
2024-07-18 12:36:25+00:00,btc_mxn,1143779.98,1143780.02,0.0
2024-07-18 12:36:26+00:00,btc_mxn,1143779.98,1143780.02,0.0
2024-07-18 12:36:27+00:00,btc_mxn,1143779.98,1143780.02,0.0
2024-07-18 12:36:28+00:00,btc_mxn,1143779.98,1143780.02,0.0
2024-07-18 12:36:29+00:00,btc_mxn,1143779.98,1143780.02,0.0
2024-07-18 12:36:30+00:00,btc_mxn,1143779.98,1143780.02,0.0
2024-07-18 12:36:31+00:00,btc_mxn,1143779.98,1143780.02,0.0
2024-07-18 12:36:32+00:00,btc_mxn,1143779.98,1143780.02,0.0
2024-07-18 12:36:33+00:00,btc_mxn,1143779.98,1143780.02,0.0
2024-07-18 12:36:34+00:00,btc_mxn,1143779.98,1143780.02,0.0
2024-07-18 12:36:35+00:00,btc_mxn,1143779.98,1143780.02,0.0
2024-07-18 12:36:36+00:00,btc_mxn,1143779.98,1143780.02,0.0
2024-07-18 12:36:37+00:00,btc_mxn,1143779.98,1143780.02,0.0
2024-07-18 12:36:38+00:00,btc_mxn,1143779.98,1143780.02,0.0
2024-07-18 12:36:39+00:00,btc_mxn,1143779.98,1143780.02,0.0
2024-07-18 12:36:41+00:00,btc_mxn,1143779.98,1143780.02,0.0
2024-07-18 12:36:42+00:00,btc_mxn,1143779.98,1143780.02,0.0
2024-07-18 12:36:43+00:00,btc_mxn,1143779.98,1143780.02,0.0
2024-07-18 12:36:44+00:00,btc_mxn,1143779.98,1143780.02,0.0
2024-07-18 12:36:45+00:00,btc_mxn,1143779.98,1143780.02,0.0
2024-07-18 12:36:46+00:00,btc_mxn,1143779.98,1143780.02,0.0
2024-07-18 12:36:47+00:00,btc_mxn,1143779.98,1143780.02,0.0
2024-07-18 12:36:48+00:00,btc_mxn,1143779.98,1143780.02,0.0
2024-07-18 12:36:49+00:00,btc_mxn,1143779.98,1143780.02,0.0
2024-07-18 12:36:50+00:00,btc_mxn,1143779.98,1143780.02,0.0
2024-07-18 12:36:51+00:00,btc_mxn,1143779.98,1143780.02,0.0
2024-07-18 12:36:52+00:00,btc_mxn,1143779.98,1143780.02,0.0
2024-07-18 12:36:53+00:00,btc_mxn,1143779.98,1143780.02,0.0
2024-07-18 12:36:54+00:00,btc_mxn,1143779.98,1143780.02,0.0
2024-07-18 12:36:55+00:00,btc_mxn,1143779.98,1143780.02,0.0
2024-07-18 12:36:56+00:00,btc_mxn,1143779.98,1143780.02,0.0
2024-07-18 12:36:57+00:00,btc_mxn,1143779.98,1143780.02,0.0
2024-07-18 12:36:58+00:00,btc_mxn,1143779.98,1143780.02,0.0
2024-07-18 12:36:59+00:00,btc_mxn,1143779.98,1143780.02,0.0
2024-07-18 12:37:00+00:00,btc_mxn,1143779.98,1143780.02,0.0
2024-07-18 12:37:01+00:00,btc_mxn,1143779.98,1146190.0,0.21
2024-07-18 12:37:02+00:00,btc_mxn,1143779.98,1146190.0,0.21
2024-07-18 12:37:03+00:00,btc_mxn,1143779.98,1146250.0,0.215
2024-07-18 12:37:04+00:00,btc_mxn,1143779.98,1146250.0,0.215
2024-07-18 12:37:05+00:00,btc_mxn,1143779.98,1146250.0,0.215
2024-07-18 12:37:06+00:00,btc_mxn,1143779.98,1146250.0,0.215
2024-07-18 12:37:07+00:00,btc_mxn,1143779.98,1146250.0,0.215
2024-07-18 12:37:08+00:00,btc_mxn,1143779.98,1146250.0,0.215
2024-07-18 12:37:09+00:00,btc_mxn,1145760.0,1146250.0,0.043
2024-07-18 12:37:10+00:00,btc_mxn,1143779.98,1146250.0,0.215
2024-07-18 12:37:11+00:00,btc_mxn,1143779.98,1146250.0,0.215
2024-07-18 12:37:13+00:00,btc_mxn,1143779.98,1146250.0,0.215
2024-07-18 12:37:13+00:00,btc_mxn,1145500.0,1146250.0,0.065
2024-07-18 12:37:14+00:00,btc_mxn,1145500.0,1146250.0,0.065
2024-07-18 12:37:15+00:00,btc_mxn,1146310.0,1146500.0,0.017
2024-07-18 12:37:16+00:00,btc_mxn,1146320.0,1146500.0,0.016
2024-07-18 12:37:17+00:00,btc_mxn,1146320.0,1146500.0,0.016
2024-07-18 12:37:18+00:00,btc_mxn,1145640.0,1146500.0,0.075
2024-07-18 12:37:19+00:00,btc_mxn,1145640.0,1146500.0,0.075
2024-07-18 12:37:20+00:00,btc_mxn,1145640.0,1146500.0,0.075
2024-07-18 12:37:21+00:00,btc_mxn,1145500.0,1146500.0,0.087
2024-07-18 12:37:22+00:00,btc_mxn,1145500.0,1146500.0,0.087
2024-07-18 12:37:23+00:00,btc_mxn,1145500.0,1146500.0,0.087
2024-07-18 12:37:24+00:00,btc_mxn,1145500.0,1146500.0,0.087
2024-07-18 12:37:25+00:00,btc_mxn,1145500.0,1146500.0,0.087
2024-07-18 12:37:26+00:00,btc_mxn,1145500.0,1146500.0,0.087
2024-07-18 12:37:27+00:00,btc_mxn,1145500.0,1146500.0,0.087
2024-07-18 12:37:28+00:00,btc_mxn,1145500.0,1146500.0,0.087
2024-07-18 12:37:29+00:00,btc_mxn,1145500.0,1146500.0,0.087
2024-07-18 12:37:30+00:00,btc_mxn,1145500.0,1146500.0,0.087
2024-07-18 12:37:31+00:00,btc_mxn,1145500.0,1146500.0,0.087
2024-07-18 12:37:32+00:00,btc_mxn,1145500.0,1146500.0,0.087
2024-07-18 12:37:33+00:00,btc_mxn,1145500.0,1146500.0,0.087
2024-07-18 12:37:34+00:00,btc_mxn,1145500.0,1146500.0,0.087
2024-07-18 12:37:35+00:00,btc_mxn,1145500.0,1146500.0,0.087
2024-07-18 12:37:36+00:00,btc_mxn,1145500.0,1146500.0,0.087
2024-07-18 12:37:37+00:00,btc_mxn,1145500.0,1146500.0,0.087
2024-07-18 12:37:38+00:00,btc_mxn,1145500.0,1146500.0,0.087
2024-07-18 12:37:39+00:00,btc_mxn,1145500.0,1146500.0,0.087
2024-07-18 12:37:41+00:00,btc_mxn,1145500.0,1146500.0,0.087
2024-07-18 12:37:42+00:00,btc_mxn,1145500.0,1146500.0,0.087
2024-07-18 12:37:42+00:00,btc_mxn,1145500.0,1146500.0,0.087
2024-07-18 12:37:44+00:00,btc_mxn,1145500.0,1146500.0,0.087
2024-07-18 12:37:45+00:00,btc_mxn,1145500.0,1146500.0,0.087
2024-07-18 12:37:46+00:00,btc_mxn,1145500.0,1146500.0,0.087
2024-07-18 12:37:47+00:00,btc_mxn,1145500.0,1146500.0,0.087
2024-07-18 12:37:48+00:00,btc_mxn,1145500.0,1146500.0,0.087
2024-07-18 12:37:49+00:00,btc_mxn,1145500.0,1146500.0,0.087
2024-07-18 12:37:50+00:00,btc_mxn,1145500.0,1146500.0,0.087
2024-07-18 12:37:51+00:00,btc_mxn,1145500.0,1146500.0,0.087
2024-07-18 12:37:52+00:00,btc_mxn,1145500.0,1146500.0,0.087
2024-07-18 12:37:53+00:00,btc_mxn,1145500.0,1146500.0,0.087
2024-07-18 12:37:54+00:00,btc_mxn,1145500.0,1146500.0,0.087
2024-07-18 12:37:55+00:00,btc_mxn,1145500.0,1146500.0,0.087
2024-07-18 12:37:56+00:00,btc_mxn,1145500.0,1146500.0,0.087
2024-07-18 12:37:57+00:00,btc_mxn,1145500.0,1146500.0,0.087
2024-07-18 12:37:58+00:00,btc_mxn,1145500.0,1146500.0,0.087
2024-07-18 12:37:59+00:00,btc_mxn,1145500.0,1146500.0,0.087
2024-07-18 12:38:00+00:00,btc_mxn,1145500.0,1146500.0,0.087
2024-07-18 12:38:01+00:00,btc_mxn,1145500.0,1146500.0,0.087
2024-07-18 12:38:02+00:00,btc_mxn,1145500.0,1146500.0,0.087
2024-07-18 12:38:03+00:00,btc_mxn,1145500.0,1146500.0,0.087
2024-07-18 12:38:04+00:00,btc_mxn,1145500.0,1146500.0,0.087
2024-07-18 12:38:05+00:00,btc_mxn,1145500.0,1146500.0,0.087
2024-07-18 12:38:06+00:00,btc_mxn,1145440.0,1146500.0,0.092
2024-07-18 12:38:07+00:00,btc_mxn,1145440.0,1146500.0,0.092
2024-07-18 12:38:08+00:00,btc_mxn,1145470.0,1146500.0,0.09
2024-07-18 12:38:09+00:00,btc_mxn,1145470.0,1146500.0,0.09
2024-07-18 12:38:10+00:00,btc_mxn,1145500.0,1146500.0,0.087
2024-07-18 12:38:11+00:00,btc_mxn,1145500.0,1146500.0,0.087
2024-07-18 12:38:12+00:00,btc_mxn,1145500.0,1146500.0,0.087
2024-07-18 12:38:13+00:00,btc_mxn,1145500.0,1146500.0,0.087
2024-07-18 12:38:14+00:00,btc_mxn,1145500.0,1146500.0,0.087
2024-07-18 12:38:15+00:00,btc_mxn,1145700.0,1146500.0,0.07
2024-07-18 12:38:16+00:00,btc_mxn,1145700.0,1146500.0,0.07
2024-07-18 12:38:17+00:00,btc_mxn,1145700.0,1146500.0,0.07
2024-07-18 12:38:18+00:00,btc_mxn,1145700.0,1146500.0,0.07
2024-07-18 12:38:19+00:00,btc_mxn,1145900.0,1146500.0,0.052
2024-07-18 12:38:20+00:00,btc_mxn,1145900.0,1146500.0,0.052
2024-07-18 12:38:21+00:00,btc_mxn,1146730.0,1147710.0,0.085
2024-07-18 12:38:22+00:00,btc_mxn,1146750.0,1147710.0,0.084
2024-07-18 12:38:23+00:00,btc_mxn,1146750.0,1147710.0,0.084
2024-07-18 12:38:24+00:00,btc_mxn,1146750.0,1147710.0,0.084
2024-07-18 12:38:25+00:00,btc_mxn,1146750.0,1147710.0,0.084
2024-07-18 12:38:26+00:00,btc_mxn,1146750.0,1147710.0,0.084
2024-07-18 12:38:27+00:00,btc_mxn,1146750.0,1147710.0,0.084
2024-07-18 12:38:28+00:00,btc_mxn,1146750.0,1147710.0,0.084
2024-07-18 12:38:29+00:00,btc_mxn,1146750.0,1147710.0,0.084
2024-07-18 12:38:30+00:00,btc_mxn,1146750.0,1147710.0,0.084
2024-07-18 12:38:31+00:00,btc_mxn,1146750.0,1147710.0,0.084
2024-07-18 12:38:32+00:00,btc_mxn,1146750.0,1147710.0,0.084
2024-07-18 12:38:33+00:00,btc_mxn,1146750.0,1147710.0,0.084
2024-07-18 12:38:34+00:00,btc_mxn,1146750.0,1147710.0,0.084
2024-07-18 12:38:35+00:00,btc_mxn,1146750.0,1147710.0,0.084
2024-07-18 12:38:36+00:00,btc_mxn,1146750.0,1147710.0,0.084
2024-07-18 12:38:37+00:00,btc_mxn,1146750.0,1147710.0,0.084
2024-07-18 12:38:38+00:00,btc_mxn,1146750.0,1147710.0,0.084
2024-07-18 12:38:39+00:00,btc_mxn,1146750.0,1147710.0,0.084
2024-07-18 12:38:40+00:00,btc_mxn,1146750.0,1147710.0,0.084
2024-07-18 12:38:41+00:00,btc_mxn,1146750.0,1147710.0,0.084
2024-07-18 12:38:42+00:00,btc_mxn,1146750.0,1147710.0,0.084
2024-07-18 12:38:43+00:00,btc_mxn,1146750.0,1147710.0,0.084
2024-07-18 12:38:44+00:00,btc_mxn,1146750.0,1147710.0,0.084
2024-07-18 12:38:45+00:00,btc_mxn,1146750.0,1147710.0,0.084
2024-07-18 12:38:46+00:00,btc_mxn,1146750.0,1147710.0,0.084
2024-07-18 12:38:47+00:00,btc_mxn,1146750.0,1147710.0,0.084
2024-07-18 12:38:48+00:00,btc_mxn,1146750.0,1147710.0,0.084
2024-07-18 12:38:49+00:00,btc_mxn,1146750.0,1147710.0,0.084
2024-07-18 12:38:50+00:00,btc_mxn,1146750.0,1147710.0,0.084
2024-07-18 12:38:51+00:00,btc_mxn,1146750.0,1147710.0,0.084
2024-07-18 12:38:52+00:00,btc_mxn,1146750.0,1147710.0,0.084
2024-07-18 12:38:54+00:00,btc_mxn,1146750.0,1147710.0,0.084
2024-07-18 12:38:54+00:00,btc_mxn,1146750.0,1147710.0,0.084
2024-07-18 12:38:56+00:00,btc_mxn,1146750.0,1147710.0,0.084
2024-07-18 12:38:57+00:00,btc_mxn,1146750.0,1147710.0,0.084
2024-07-18 12:38:57+00:00,btc_mxn,1146750.0,1147710.0,0.084
2024-07-18 12:38:59+00:00,btc_mxn,1146940.0,1147710.0,0.067
2024-07-18 12:39:00+00:00,btc_mxn,1146940.0,1147710.0,0.067
2024-07-18 12:39:01+00:00,btc_mxn,1146940.0,1147710.0,0.067
2024-07-18 12:39:02+00:00,btc_mxn,1146940.0,1147710.0,0.067
2024-07-18 12:39:03+00:00,btc_mxn,1146940.0,1147710.0,0.067
2024-07-18 12:39:04+00:00,btc_mxn,1146940.0,1147710.0,0.067
2024-07-18 12:39:05+00:00,btc_mxn,1146940.0,1147710.0,0.067
2024-07-18 12:39:06+00:00,btc_mxn,1146960.0,1147710.0,0.065
2024-07-18 12:39:07+00:00,btc_mxn,1146960.0,1147710.0,0.065
2024-07-18 12:39:08+00:00,btc_mxn,1146960.0,1147710.0,0.065
2024-07-18 12:39:09+00:00,btc_mxn,1146960.0,1147710.0,0.065
2024-07-18 12:39:10+00:00,btc_mxn,1146960.0,1147710.0,0.065
2024-07-18 12:39:11+00:00,btc_mxn,1146960.0,1147710.0,0.065
2024-07-18 12:39:12+00:00,btc_mxn,1146960.0,1147710.0,0.065
2024-07-18 12:39:13+00:00,btc_mxn,1146960.0,1147710.0,0.065
2024-07-18 12:39:14+00:00,btc_mxn,1146960.0,1147710.0,0.065
2024-07-18 12:39:15+00:00,btc_mxn,1146960.0,1147710.0,0.065
2024-07-18 12:39:16+00:00,btc_mxn,1146960.0,1147710.0,0.065
2024-07-18 12:39:17+00:00,btc_mxn,1146960.0,1147710.0,0.065
2024-07-18 12:39:18+00:00,btc_mxn,1146960.0,1147710.0,0.065
2024-07-18 12:39:19+00:00,btc_mxn,1146960.0,1147710.0,0.065
2024-07-18 12:39:20+00:00,btc_mxn,1146960.0,1147710.0,0.065
2024-07-18 12:39:21+00:00,btc_mxn,1146960.0,1147710.0,0.065
2024-07-18 12:39:22+00:00,btc_mxn,1146960.0,1147710.0,0.065
2024-07-18 12:39:23+00:00,btc_mxn,1146960.0,1147710.0,0.065
2024-07-18 12:39:24+00:00,btc_mxn,1146960.0,1147710.0,0.065
2024-07-18 12:39:25+00:00,btc_mxn,1146960.0,1147710.0,0.065
2024-07-18 12:39:26+00:00,btc_mxn,1146960.0,1147710.0,0.065
2024-07-18 12:39:27+00:00,btc_mxn,1146960.0,1147710.0,0.065
2024-07-18 12:39:28+00:00,btc_mxn,1146960.0,1147710.0,0.065
2024-07-18 12:39:29+00:00,btc_mxn,1146960.0,1147710.0,0.065
2024-07-18 12:39:30+00:00,btc_mxn,1146960.0,1147710.0,0.065
2024-07-18 12:39:31+00:00,btc_mxn,1146960.0,1147710.0,0.065
2024-07-18 12:39:32+00:00,btc_mxn,1146960.0,1147710.0,0.065
2024-07-18 12:39:33+00:00,btc_mxn,1146960.0,1147710.0,0.065
2024-07-18 12:39:34+00:00,btc_mxn,1146960.0,1147710.0,0.065
2024-07-18 12:39:35+00:00,btc_mxn,1146960.0,1147710.0,0.065
2024-07-18 12:39:36+00:00,btc_mxn,1146960.0,1147710.0,0.065
2024-07-18 12:39:37+00:00,btc_mxn,1146960.0,1147710.0,0.065
2024-07-18 12:39:38+00:00,btc_mxn,1146960.0,1147710.0,0.065
2024-07-18 12:39:39+00:00,btc_mxn,1146960.0,1147710.0,0.065
2024-07-18 12:39:40+00:00,btc_mxn,1146960.0,1147710.0,0.065
2024-07-18 12:39:41+00:00,btc_mxn,1146960.0,1147710.0,0.065
2024-07-18 12:39:42+00:00,btc_mxn,1146960.0,1147710.0,0.065
2024-07-18 12:39:43+00:00,btc_mxn,1146960.0,1147710.0,0.065
2024-07-18 12:39:44+00:00,btc_mxn,1146960.0,1147710.0,0.065
2024-07-18 12:39:45+00:00,btc_mxn,1146960.0,1147710.0,0.065
2024-07-18 12:39:46+00:00,btc_mxn,1146960.0,1147710.0,0.065
2024-07-18 12:39:47+00:00,btc_mxn,1146960.0,1147710.0,0.065
2024-07-18 12:39:48+00:00,btc_mxn,1146960.0,1147710.0,0.065
2024-07-18 12:39:49+00:00,btc_mxn,1146960.0,1147710.0,0.065
2024-07-18 12:39:50+00:00,btc_mxn,1146960.0,1147710.0,0.065
2024-07-18 12:39:51+00:00,btc_mxn,1146960.0,1147710.0,0.065
2024-07-18 12:39:52+00:00,btc_mxn,1146960.0,1147710.0,0.065
2024-07-18 12:39:53+00:00,btc_mxn,1146960.0,1147710.0,0.065
2024-07-18 12:39:54+00:00,btc_mxn,1146960.0,1147710.0,0.065
2024-07-18 12:39:55+00:00,btc_mxn,1146960.0,1147710.0,0.065
2024-07-18 12:39:56+00:00,btc_mxn,1146960.0,1147710.0,0.065
2024-07-18 12:39:57+00:00,btc_mxn,1146960.0,1147710.0,0.065
2024-07-18 12:39:59+00:00,btc_mxn,1146960.0,1147710.0,0.065
2024-07-18 12:40:00+00:00,btc_mxn,1146960.0,1147710.0,0.065
2024-07-18 12:40:01+00:00,btc_mxn,1146960.0,1147710.0,0.065
2024-07-18 12:40:02+00:00,btc_mxn,1146960.0,1147710.0,0.065
2024-07-18 12:40:03+00:00,btc_mxn,1146960.0,1147710.0,0.065
2024-07-18 12:40:04+00:00,btc_mxn,1146960.0,1147710.0,0.065
2024-07-18 12:40:05+00:00,btc_mxn,1146960.0,1147710.0,0.065
2024-07-18 12:40:06+00:00,btc_mxn,1146960.0,1147710.0,0.065
2024-07-18 12:40:07+00:00,btc_mxn,1146960.0,1147710.0,0.065
2024-07-18 12:40:08+00:00,btc_mxn,1146960.0,1147710.0,0.065
2024-07-18 12:40:09+00:00,btc_mxn,1146960.0,1147710.0,0.065
2024-07-18 12:40:10+00:00,btc_mxn,1146960.0,1147710.0,0.065
2024-07-18 12:40:11+00:00,btc_mxn,1146960.0,1147710.0,0.065
2024-07-18 12:40:12+00:00,btc_mxn,1146960.0,1147710.0,0.065
2024-07-18 12:40:13+00:00,btc_mxn,1146960.0,1147710.0,0.065
2024-07-18 12:40:14+00:00,btc_mxn,1146960.0,1147710.0,0.065
2024-07-18 12:40:15+00:00,btc_mxn,1146960.0,1147710.0,0.065
2024-07-18 12:40:16+00:00,btc_mxn,1146960.0,1147710.0,0.065
2024-07-18 12:40:17+00:00,btc_mxn,1146960.0,1147710.0,0.065
2024-07-18 12:40:18+00:00,btc_mxn,1146960.0,1147710.0,0.065
2024-07-18 12:40:19+00:00,btc_mxn,1146960.0,1147710.0,0.065
2024-07-18 12:40:20+00:00,btc_mxn,1146960.0,1147710.0,0.065
2024-07-18 12:40:21+00:00,btc_mxn,1146960.0,1147710.0,0.065
2024-07-18 12:40:22+00:00,btc_mxn,1146960.0,1147710.0,0.065
2024-07-18 12:40:23+00:00,btc_mxn,1146960.0,1147710.0,0.065
2024-07-18 12:40:24+00:00,btc_mxn,1146960.0,1147710.0,0.065
