orderbook_timestamp,book,bid,ask,spread
2024-07-17 21:55:42+00:00,usd_mxn,17.68,17.69,0.057
2024-07-17 21:55:43+00:00,usd_mxn,17.68,17.69,0.057
2024-07-17 21:55:44+00:00,usd_mxn,17.68,17.69,0.057
2024-07-17 21:55:45+00:00,usd_mxn,17.68,17.69,0.057
2024-07-17 21:55:46+00:00,usd_mxn,17.68,17.69,0.057
2024-07-17 21:55:47+00:00,usd_mxn,17.68,17.69,0.057
2024-07-17 21:55:48+00:00,usd_mxn,17.68,17.69,0.057
2024-07-17 21:55:49+00:00,usd_mxn,17.68,17.69,0.057
2024-07-17 21:55:50+00:00,usd_mxn,17.68,17.69,0.057
2024-07-17 21:55:51+00:00,usd_mxn,17.68,17.69,0.057
2024-07-17 21:55:52+00:00,usd_mxn,17.68,17.69,0.057
2024-07-17 21:55:53+00:00,usd_mxn,17.68,17.69,0.057
2024-07-17 21:55:54+00:00,usd_mxn,17.68,17.69,0.057
2024-07-17 21:55:55+00:00,usd_mxn,17.68,17.69,0.057
2024-07-17 21:55:56+00:00,usd_mxn,17.68,17.69,0.057
2024-07-17 21:55:57+00:00,usd_mxn,17.68,17.69,0.057
2024-07-17 21:55:58+00:00,usd_mxn,17.68,17.69,0.057
2024-07-17 21:55:59+00:00,usd_mxn,17.68,17.69,0.057
2024-07-17 21:56:00+00:00,usd_mxn,17.68,17.69,0.057
2024-07-17 21:56:01+00:00,usd_mxn,17.68,17.69,0.057
2024-07-17 21:56:02+00:00,usd_mxn,17.68,17.69,0.057
2024-07-17 21:56:03+00:00,usd_mxn,17.68,17.69,0.057
2024-07-17 21:56:04+00:00,usd_mxn,17.68,17.69,0.057
2024-07-17 21:56:05+00:00,usd_mxn,17.68,17.69,0.057
2024-07-17 21:56:06+00:00,usd_mxn,17.68,17.69,0.057
2024-07-17 21:56:07+00:00,usd_mxn,17.68,17.69,0.057
2024-07-17 21:56:08+00:00,usd_mxn,17.68,17.69,0.057
2024-07-17 21:56:09+00:00,usd_mxn,17.68,17.69,0.057
2024-07-17 21:56:10+00:00,usd_mxn,17.68,17.69,0.057
2024-07-17 21:56:11+00:00,usd_mxn,17.68,17.69,0.057
2024-07-17 21:56:12+00:00,usd_mxn,17.68,17.69,0.057
2024-07-17 21:56:13+00:00,usd_mxn,17.68,17.69,0.057
2024-07-17 21:56:14+00:00,usd_mxn,17.68,17.69,0.057
2024-07-17 21:56:15+00:00,usd_mxn,17.68,17.69,0.057
2024-07-17 21:56:16+00:00,usd_mxn,17.68,17.69,0.057
2024-07-17 21:56:17+00:00,usd_mxn,17.68,17.69,0.057
2024-07-17 21:56:18+00:00,usd_mxn,17.68,17.69,0.057
2024-07-17 21:56:19+00:00,usd_mxn,17.68,17.69,0.057
2024-07-17 21:56:20+00:00,usd_mxn,17.68,17.69,0.057
2024-07-17 21:56:21+00:00,usd_mxn,17.68,17.69,0.057
2024-07-17 21:56:22+00:00,usd_mxn,17.68,17.69,0.057
2024-07-17 21:56:23+00:00,usd_mxn,17.68,17.69,0.057
2024-07-17 21:56:24+00:00,usd_mxn,17.68,17.69,0.057
2024-07-17 21:56:25+00:00,usd_mxn,17.68,17.69,0.057
2024-07-17 21:56:26+00:00,usd_mxn,17.68,17.69,0.057
2024-07-17 21:56:28+00:00,usd_mxn,17.68,17.69,0.057
2024-07-17 21:56:29+00:00,usd_mxn,17.68,17.69,0.057
2024-07-17 21:56:30+00:00,usd_mxn,17.68,17.69,0.057
2024-07-17 21:56:31+00:00,usd_mxn,17.68,17.69,0.057
2024-07-17 21:56:32+00:00,usd_mxn,17.68,17.69,0.057
2024-07-17 21:56:33+00:00,usd_mxn,17.68,17.69,0.057
2024-07-17 21:56:34+00:00,usd_mxn,17.68,17.69,0.057
2024-07-17 21:56:35+00:00,usd_mxn,17.68,17.69,0.057
2024-07-17 21:56:36+00:00,usd_mxn,17.68,17.69,0.057
2024-07-17 21:56:37+00:00,usd_mxn,17.68,17.69,0.057
2024-07-17 21:56:38+00:00,usd_mxn,17.68,17.69,0.057
2024-07-17 21:56:39+00:00,usd_mxn,17.68,17.69,0.057
2024-07-17 21:56:40+00:00,usd_mxn,17.68,17.69,0.057
2024-07-17 21:56:41+00:00,usd_mxn,17.68,17.69,0.057
2024-07-17 21:56:42+00:00,usd_mxn,17.68,17.69,0.057
2024-07-17 21:56:43+00:00,usd_mxn,17.68,17.69,0.057
2024-07-17 21:56:44+00:00,usd_mxn,17.68,17.69,0.057
2024-07-17 21:56:45+00:00,usd_mxn,17.68,17.69,0.057
2024-07-17 21:56:46+00:00,usd_mxn,17.68,17.69,0.057
2024-07-17 21:56:47+00:00,usd_mxn,17.68,17.69,0.057
2024-07-17 21:56:48+00:00,usd_mxn,17.68,17.69,0.057
2024-07-17 21:56:49+00:00,usd_mxn,17.68,17.69,0.057
2024-07-17 21:56:50+00:00,usd_mxn,17.68,17.69,0.057
2024-07-17 21:56:51+00:00,usd_mxn,17.68,17.69,0.057
2024-07-17 21:56:52+00:00,usd_mxn,17.68,17.69,0.057
2024-07-17 21:56:53+00:00,usd_mxn,17.68,17.69,0.057
2024-07-17 21:56:54+00:00,usd_mxn,17.68,17.69,0.057
2024-07-17 21:56:55+00:00,usd_mxn,17.68,17.69,0.057
2024-07-17 21:56:57+00:00,usd_mxn,17.68,17.69,0.057
2024-07-17 21:56:58+00:00,usd_mxn,17.68,17.69,0.057
2024-07-17 21:56:59+00:00,usd_mxn,17.68,17.69,0.057
2024-07-17 21:57:01+00:00,usd_mxn,17.68,17.69,0.057
2024-07-17 21:57:02+00:00,usd_mxn,17.68,17.69,0.057
2024-07-17 21:57:03+00:00,usd_mxn,17.68,17.69,0.057
2024-07-17 21:57:04+00:00,usd_mxn,17.68,17.69,0.057
2024-07-17 21:57:04+00:00,usd_mxn,17.68,17.69,0.057
2024-07-17 21:57:05+00:00,usd_mxn,17.68,17.69,0.057
2024-07-17 21:57:06+00:00,usd_mxn,17.68,17.69,0.057
2024-07-17 21:57:08+00:00,usd_mxn,17.68,17.69,0.057
2024-07-17 21:57:08+00:00,usd_mxn,17.68,17.69,0.057
2024-07-17 21:57:09+00:00,usd_mxn,17.68,17.69,0.057
2024-07-17 21:57:10+00:00,usd_mxn,17.68,17.69,0.057
2024-07-17 21:57:11+00:00,usd_mxn,17.68,17.69,0.057
2024-07-17 21:57:12+00:00,usd_mxn,17.68,17.69,0.057
2024-07-17 21:57:13+00:00,usd_mxn,17.68,17.69,0.057
2024-07-17 21:57:14+00:00,usd_mxn,17.68,17.69,0.057
2024-07-17 21:57:15+00:00,usd_mxn,17.68,17.69,0.057
2024-07-17 21:57:16+00:00,usd_mxn,17.68,17.69,0.057
2024-07-17 21:57:17+00:00,usd_mxn,17.68,17.69,0.057
2024-07-17 21:57:18+00:00,usd_mxn,17.68,17.69,0.057
2024-07-17 21:57:19+00:00,usd_mxn,17.68,17.69,0.057
2024-07-17 21:57:20+00:00,usd_mxn,17.68,17.69,0.057
2024-07-17 21:57:21+00:00,usd_mxn,17.68,17.69,0.057
2024-07-17 21:57:22+00:00,usd_mxn,17.68,17.69,0.057
2024-07-17 21:57:23+00:00,usd_mxn,17.68,17.69,0.057
2024-07-17 21:57:24+00:00,usd_mxn,17.68,17.69,0.057
2024-07-17 21:57:25+00:00,usd_mxn,17.68,17.69,0.057
2024-07-17 21:57:26+00:00,usd_mxn,17.68,17.69,0.057
2024-07-17 21:57:27+00:00,usd_mxn,17.68,17.69,0.057
2024-07-17 21:57:28+00:00,usd_mxn,17.68,17.69,0.057
2024-07-17 21:57:29+00:00,usd_mxn,17.68,17.69,0.057
2024-07-17 21:57:30+00:00,usd_mxn,17.68,17.69,0.057
2024-07-17 21:57:31+00:00,usd_mxn,17.68,17.69,0.057
2024-07-17 21:57:32+00:00,usd_mxn,17.68,17.69,0.057
2024-07-17 21:57:33+00:00,usd_mxn,17.68,17.69,0.057
2024-07-17 21:57:34+00:00,usd_mxn,17.68,17.69,0.057
2024-07-17 21:57:35+00:00,usd_mxn,17.68,17.69,0.057
2024-07-17 21:57:37+00:00,usd_mxn,17.68,17.69,0.057
2024-07-17 21:57:37+00:00,usd_mxn,17.68,17.69,0.057
2024-07-17 21:57:38+00:00,usd_mxn,17.68,17.69,0.057
2024-07-17 21:57:40+00:00,usd_mxn,17.68,17.69,0.057
2024-07-17 21:57:40+00:00,usd_mxn,17.68,17.69,0.057
2024-07-17 21:57:42+00:00,usd_mxn,17.68,17.69,0.057
2024-07-17 21:57:43+00:00,usd_mxn,17.68,17.69,0.057
2024-07-17 21:57:44+00:00,usd_mxn,17.68,17.69,0.057
2024-07-17 21:57:45+00:00,usd_mxn,17.68,17.69,0.057
2024-07-17 21:57:46+00:00,usd_mxn,17.68,17.69,0.057
2024-07-17 21:57:47+00:00,usd_mxn,17.68,17.69,0.057
2024-07-17 21:57:48+00:00,usd_mxn,17.68,17.69,0.057
2024-07-17 21:57:49+00:00,usd_mxn,17.68,17.69,0.057
2024-07-17 21:57:50+00:00,usd_mxn,17.68,17.69,0.057
2024-07-17 21:57:51+00:00,usd_mxn,17.68,17.69,0.057
2024-07-17 21:57:52+00:00,usd_mxn,17.68,17.69,0.057
2024-07-17 21:57:53+00:00,usd_mxn,17.68,17.69,0.057
2024-07-17 21:57:54+00:00,usd_mxn,17.68,17.69,0.057
2024-07-17 21:57:55+00:00,usd_mxn,17.68,17.69,0.057
2024-07-17 21:57:56+00:00,usd_mxn,17.68,17.69,0.057
2024-07-17 21:57:57+00:00,usd_mxn,17.68,17.69,0.057
2024-07-17 21:57:58+00:00,usd_mxn,17.68,17.69,0.057
2024-07-17 21:57:59+00:00,usd_mxn,17.68,17.69,0.057
2024-07-17 21:58:00+00:00,usd_mxn,17.68,17.69,0.057
2024-07-17 21:58:01+00:00,usd_mxn,17.68,17.69,0.057
2024-07-17 21:58:02+00:00,usd_mxn,17.68,17.69,0.057
2024-07-17 21:58:03+00:00,usd_mxn,17.68,17.69,0.057
2024-07-17 21:58:04+00:00,usd_mxn,17.68,17.69,0.057
2024-07-17 21:58:05+00:00,usd_mxn,17.68,17.69,0.057
2024-07-17 21:58:06+00:00,usd_mxn,17.68,17.69,0.057
2024-07-17 21:58:07+00:00,usd_mxn,17.68,17.69,0.057
2024-07-17 21:58:08+00:00,usd_mxn,17.68,17.69,0.057
2024-07-17 21:58:09+00:00,usd_mxn,17.68,17.69,0.057
2024-07-17 21:58:10+00:00,usd_mxn,17.68,17.69,0.057
2024-07-17 21:58:11+00:00,usd_mxn,17.68,17.69,0.057
2024-07-17 21:58:12+00:00,usd_mxn,17.68,17.69,0.057
2024-07-17 21:58:13+00:00,usd_mxn,17.68,17.69,0.057
2024-07-17 21:58:14+00:00,usd_mxn,17.68,17.69,0.057
2024-07-17 21:58:15+00:00,usd_mxn,17.68,17.69,0.057
2024-07-17 21:58:16+00:00,usd_mxn,17.68,17.69,0.057
2024-07-17 21:58:17+00:00,usd_mxn,17.68,17.69,0.057
2024-07-17 21:58:18+00:00,usd_mxn,17.68,17.69,0.057
2024-07-17 21:58:19+00:00,usd_mxn,17.68,17.69,0.057
2024-07-17 21:58:20+00:00,usd_mxn,17.68,17.69,0.057
2024-07-17 21:58:21+00:00,usd_mxn,17.68,17.69,0.057
2024-07-17 21:58:22+00:00,usd_mxn,17.68,17.69,0.057
2024-07-17 21:58:23+00:00,usd_mxn,17.68,17.69,0.057
2024-07-17 21:58:24+00:00,usd_mxn,17.68,17.69,0.057
2024-07-17 21:58:25+00:00,usd_mxn,17.68,17.69,0.057
2024-07-17 21:58:26+00:00,usd_mxn,17.68,17.69,0.057
2024-07-17 21:58:27+00:00,usd_mxn,17.68,17.69,0.057
2024-07-17 21:58:28+00:00,usd_mxn,17.68,17.69,0.057
2024-07-17 21:58:29+00:00,usd_mxn,17.68,17.69,0.057
2024-07-17 21:58:30+00:00,usd_mxn,17.68,17.69,0.057
2024-07-17 21:58:31+00:00,usd_mxn,17.68,17.69,0.057
2024-07-17 21:58:32+00:00,usd_mxn,17.68,17.69,0.057
2024-07-17 21:58:33+00:00,usd_mxn,17.68,17.69,0.057
2024-07-17 21:58:34+00:00,usd_mxn,17.68,17.69,0.057
2024-07-17 21:58:35+00:00,usd_mxn,17.68,17.69,0.057
2024-07-17 21:58:36+00:00,usd_mxn,17.68,17.69,0.057
2024-07-17 21:58:37+00:00,usd_mxn,17.68,17.69,0.057
2024-07-17 21:58:38+00:00,usd_mxn,17.68,17.69,0.057
2024-07-17 21:58:39+00:00,usd_mxn,17.68,17.69,0.057
2024-07-17 21:58:40+00:00,usd_mxn,17.68,17.69,0.057
2024-07-17 21:58:41+00:00,usd_mxn,17.68,17.69,0.057
2024-07-17 21:58:42+00:00,usd_mxn,17.68,17.69,0.057
2024-07-17 21:58:43+00:00,usd_mxn,17.68,17.69,0.057
2024-07-17 21:58:44+00:00,usd_mxn,17.68,17.69,0.057
2024-07-17 21:58:45+00:00,usd_mxn,17.68,17.69,0.057
2024-07-17 21:58:46+00:00,usd_mxn,17.68,17.69,0.057
2024-07-17 21:58:48+00:00,usd_mxn,17.68,17.69,0.057
2024-07-17 21:58:48+00:00,usd_mxn,17.68,17.69,0.057
2024-07-17 21:58:50+00:00,usd_mxn,17.68,17.69,0.057
2024-07-17 21:58:51+00:00,usd_mxn,17.68,17.69,0.057
2024-07-17 21:58:52+00:00,usd_mxn,17.68,17.69,0.057
2024-07-17 21:58:53+00:00,usd_mxn,17.68,17.69,0.057
2024-07-17 21:58:54+00:00,usd_mxn,17.68,17.69,0.057
2024-07-17 21:58:55+00:00,usd_mxn,17.68,17.69,0.057
2024-07-17 21:58:56+00:00,usd_mxn,17.68,17.69,0.057
2024-07-17 21:58:57+00:00,usd_mxn,17.68,17.69,0.057
2024-07-17 21:58:58+00:00,usd_mxn,17.68,17.69,0.057
2024-07-17 21:58:59+00:00,usd_mxn,17.68,17.69,0.057
2024-07-17 21:59:00+00:00,usd_mxn,17.68,17.69,0.057
2024-07-17 21:59:01+00:00,usd_mxn,17.68,17.69,0.057
2024-07-17 21:59:02+00:00,usd_mxn,17.68,17.69,0.057
2024-07-17 21:59:03+00:00,usd_mxn,17.68,17.69,0.057
2024-07-17 21:59:04+00:00,usd_mxn,17.68,17.69,0.057
2024-07-17 21:59:05+00:00,usd_mxn,17.68,17.69,0.057
2024-07-17 21:59:06+00:00,usd_mxn,17.68,17.69,0.057
2024-07-17 21:59:07+00:00,usd_mxn,17.68,17.69,0.057
2024-07-17 21:59:08+00:00,usd_mxn,17.68,17.69,0.057
2024-07-17 21:59:09+00:00,usd_mxn,17.68,17.69,0.057
2024-07-17 21:59:10+00:00,usd_mxn,17.68,17.69,0.057
2024-07-17 21:59:11+00:00,usd_mxn,17.68,17.69,0.057
2024-07-17 21:59:12+00:00,usd_mxn,17.68,17.69,0.057
2024-07-17 21:59:13+00:00,usd_mxn,17.68,17.69,0.057
2024-07-17 21:59:14+00:00,usd_mxn,17.68,17.69,0.057
2024-07-17 21:59:15+00:00,usd_mxn,17.68,17.69,0.057
2024-07-17 21:59:16+00:00,usd_mxn,17.68,17.69,0.057
2024-07-17 21:59:17+00:00,usd_mxn,17.68,17.69,0.057
2024-07-17 21:59:18+00:00,usd_mxn,17.68,17.69,0.057
2024-07-17 21:59:19+00:00,usd_mxn,17.68,17.69,0.057
2024-07-17 21:59:20+00:00,usd_mxn,17.68,17.69,0.057
2024-07-17 21:59:21+00:00,usd_mxn,17.68,17.69,0.057
2024-07-17 21:59:22+00:00,usd_mxn,17.68,17.69,0.057
2024-07-17 21:59:23+00:00,usd_mxn,17.68,17.69,0.057
2024-07-17 21:59:24+00:00,usd_mxn,17.68,17.69,0.057
2024-07-17 21:59:25+00:00,usd_mxn,17.68,17.69,0.057
2024-07-17 21:59:26+00:00,usd_mxn,17.68,17.69,0.057
2024-07-17 21:59:27+00:00,usd_mxn,17.68,17.69,0.057
2024-07-17 21:59:28+00:00,usd_mxn,17.68,17.69,0.057
2024-07-17 21:59:29+00:00,usd_mxn,17.68,17.69,0.057
2024-07-17 21:59:30+00:00,usd_mxn,17.68,17.69,0.057
2024-07-17 21:59:31+00:00,usd_mxn,17.68,17.69,0.057
2024-07-17 21:59:32+00:00,usd_mxn,17.68,17.69,0.057
2024-07-17 21:59:33+00:00,usd_mxn,17.68,17.69,0.057
2024-07-17 21:59:34+00:00,usd_mxn,17.68,17.69,0.057
2024-07-17 21:59:35+00:00,usd_mxn,17.68,17.69,0.057
2024-07-17 21:59:36+00:00,usd_mxn,17.68,17.69,0.057
2024-07-17 21:59:37+00:00,usd_mxn,17.68,17.69,0.057
2024-07-17 21:59:38+00:00,usd_mxn,17.68,17.69,0.057
2024-07-17 21:59:39+00:00,usd_mxn,17.68,17.69,0.057
2024-07-17 21:59:40+00:00,usd_mxn,17.68,17.69,0.057
2024-07-17 21:59:42+00:00,usd_mxn,17.68,17.69,0.057
2024-07-17 21:59:43+00:00,usd_mxn,17.68,17.69,0.057
2024-07-17 21:59:44+00:00,usd_mxn,17.68,17.69,0.057
2024-07-17 21:59:45+00:00,usd_mxn,17.68,17.69,0.057
2024-07-17 21:59:46+00:00,usd_mxn,17.68,17.69,0.057
2024-07-17 21:59:47+00:00,usd_mxn,17.68,17.69,0.057
2024-07-17 21:59:48+00:00,usd_mxn,17.68,17.69,0.057
2024-07-17 21:59:49+00:00,usd_mxn,17.68,17.69,0.057
2024-07-17 21:59:50+00:00,usd_mxn,17.68,17.69,0.057
2024-07-17 21:59:51+00:00,usd_mxn,17.68,17.69,0.057
2024-07-17 21:59:52+00:00,usd_mxn,17.68,17.69,0.057
2024-07-17 21:59:53+00:00,usd_mxn,17.68,17.69,0.057
2024-07-17 21:59:54+00:00,usd_mxn,17.68,17.69,0.057
2024-07-17 21:59:55+00:00,usd_mxn,17.68,17.69,0.057
2024-07-17 21:59:56+00:00,usd_mxn,17.68,17.69,0.057
2024-07-17 21:59:57+00:00,usd_mxn,17.68,17.69,0.057
2024-07-17 21:59:58+00:00,usd_mxn,17.68,17.69,0.057
2024-07-17 21:59:59+00:00,usd_mxn,17.68,17.69,0.057
2024-07-17 22:00:00+00:00,usd_mxn,17.68,17.69,0.057
2024-07-17 22:00:01+00:00,usd_mxn,17.68,17.69,0.057
2024-07-17 22:00:02+00:00,usd_mxn,17.68,17.69,0.057
2024-07-17 22:00:03+00:00,usd_mxn,17.68,17.69,0.057
2024-07-17 22:00:04+00:00,usd_mxn,17.68,17.69,0.057
2024-07-17 22:00:05+00:00,usd_mxn,17.68,17.69,0.057
2024-07-17 22:00:06+00:00,usd_mxn,17.68,17.69,0.057
2024-07-17 22:00:07+00:00,usd_mxn,17.68,17.69,0.057
2024-07-17 22:00:08+00:00,usd_mxn,17.68,17.69,0.057
2024-07-17 22:00:09+00:00,usd_mxn,17.68,17.69,0.057
2024-07-17 22:00:10+00:00,usd_mxn,17.68,17.69,0.057
2024-07-17 22:00:11+00:00,usd_mxn,17.68,17.69,0.057
2024-07-17 22:00:12+00:00,usd_mxn,17.68,17.69,0.057
2024-07-17 22:00:13+00:00,usd_mxn,17.68,17.69,0.057
2024-07-17 22:00:14+00:00,usd_mxn,17.68,17.69,0.057
2024-07-17 22:00:15+00:00,usd_mxn,17.68,17.69,0.057
2024-07-17 22:00:16+00:00,usd_mxn,17.68,17.69,0.057
2024-07-17 22:00:17+00:00,usd_mxn,17.68,17.69,0.057
2024-07-17 22:00:18+00:00,usd_mxn,17.68,17.69,0.057
2024-07-17 22:00:19+00:00,usd_mxn,17.68,17.69,0.057
2024-07-17 22:00:20+00:00,usd_mxn,17.68,17.69,0.057
2024-07-17 22:00:21+00:00,usd_mxn,17.68,17.69,0.057
2024-07-17 22:00:22+00:00,usd_mxn,17.68,17.69,0.057
2024-07-17 22:00:23+00:00,usd_mxn,17.68,17.69,0.057
2024-07-17 22:00:24+00:00,usd_mxn,17.68,17.69,0.057
2024-07-17 22:00:25+00:00,usd_mxn,17.68,17.69,0.057
2024-07-17 22:00:26+00:00,usd_mxn,17.68,17.69,0.057
2024-07-17 22:00:27+00:00,usd_mxn,17.68,17.69,0.057
2024-07-17 22:00:28+00:00,usd_mxn,17.68,17.69,0.057
2024-07-17 22:00:29+00:00,usd_mxn,17.68,17.69,0.057
2024-07-17 22:00:30+00:00,usd_mxn,17.68,17.69,0.057
2024-07-17 22:00:31+00:00,usd_mxn,17.68,17.69,0.057
2024-07-17 22:00:32+00:00,usd_mxn,17.68,17.69,0.057
2024-07-17 22:00:33+00:00,usd_mxn,17.68,17.69,0.057
2024-07-17 22:00:34+00:00,usd_mxn,17.68,17.69,0.057
2024-07-17 22:00:35+00:00,usd_mxn,17.68,17.69,0.057
2024-07-17 22:00:36+00:00,usd_mxn,17.68,17.69,0.057
2024-07-17 22:00:37+00:00,usd_mxn,17.68,17.69,0.057
2024-07-17 22:00:38+00:00,usd_mxn,17.68,17.69,0.057
2024-07-17 22:00:39+00:00,usd_mxn,17.68,17.69,0.057
2024-07-17 22:00:40+00:00,usd_mxn,17.68,17.69,0.057
2024-07-17 22:00:41+00:00,usd_mxn,17.68,17.69,0.057
2024-07-17 22:00:42+00:00,usd_mxn,17.68,17.69,0.057
2024-07-17 22:00:43+00:00,usd_mxn,17.68,17.69,0.057
2024-07-17 22:00:44+00:00,usd_mxn,17.68,17.69,0.057
2024-07-17 22:00:45+00:00,usd_mxn,17.68,17.69,0.057
2024-07-17 22:00:46+00:00,usd_mxn,17.68,17.69,0.057
2024-07-17 22:00:47+00:00,usd_mxn,17.68,17.69,0.057
2024-07-17 22:00:48+00:00,usd_mxn,17.68,17.69,0.057
2024-07-17 22:00:49+00:00,usd_mxn,17.68,17.69,0.057
2024-07-17 22:00:50+00:00,usd_mxn,17.68,17.69,0.057
2024-07-17 22:00:51+00:00,usd_mxn,17.68,17.69,0.057
2024-07-17 22:00:52+00:00,usd_mxn,17.68,17.69,0.057
2024-07-17 22:00:53+00:00,usd_mxn,17.68,17.69,0.057
2024-07-17 22:00:54+00:00,usd_mxn,17.68,17.69,0.057
2024-07-17 22:00:55+00:00,usd_mxn,17.68,17.69,0.057
2024-07-17 22:00:56+00:00,usd_mxn,17.68,17.69,0.057
2024-07-17 22:00:57+00:00,usd_mxn,17.68,17.69,0.057
2024-07-17 22:00:58+00:00,usd_mxn,17.68,17.69,0.057
2024-07-17 22:00:59+00:00,usd_mxn,17.68,17.69,0.057
2024-07-17 22:01:00+00:00,usd_mxn,17.68,17.69,0.057
2024-07-17 22:01:02+00:00,usd_mxn,17.68,17.69,0.057
2024-07-17 22:01:03+00:00,usd_mxn,17.68,17.69,0.057
2024-07-17 22:01:04+00:00,usd_mxn,17.68,17.69,0.057
2024-07-17 22:01:05+00:00,usd_mxn,17.68,17.69,0.057
2024-07-17 22:01:06+00:00,usd_mxn,17.68,17.69,0.057
2024-07-17 22:01:07+00:00,usd_mxn,17.68,17.69,0.057
2024-07-17 22:01:08+00:00,usd_mxn,17.68,17.69,0.057
2024-07-17 22:01:09+00:00,usd_mxn,17.68,17.69,0.057
2024-07-17 22:01:10+00:00,usd_mxn,17.68,17.69,0.057
2024-07-17 22:01:11+00:00,usd_mxn,17.68,17.69,0.057
2024-07-17 22:01:12+00:00,usd_mxn,17.68,17.69,0.057
2024-07-17 22:01:13+00:00,usd_mxn,17.68,17.69,0.057
2024-07-17 22:01:14+00:00,usd_mxn,17.68,17.69,0.057
2024-07-17 22:01:15+00:00,usd_mxn,17.68,17.69,0.057
2024-07-17 22:01:16+00:00,usd_mxn,17.68,17.69,0.057
2024-07-17 22:01:17+00:00,usd_mxn,17.68,17.69,0.057
2024-07-17 22:01:18+00:00,usd_mxn,17.68,17.69,0.057
2024-07-17 22:01:19+00:00,usd_mxn,17.68,17.69,0.057
2024-07-17 22:01:20+00:00,usd_mxn,17.68,17.69,0.057
2024-07-17 22:01:22+00:00,usd_mxn,17.68,17.69,0.057
2024-07-17 22:01:22+00:00,usd_mxn,17.68,17.69,0.057
2024-07-17 22:01:23+00:00,usd_mxn,17.68,17.69,0.057
2024-07-17 22:01:24+00:00,usd_mxn,17.68,17.69,0.057
2024-07-17 22:01:25+00:00,usd_mxn,17.68,17.69,0.057
2024-07-17 22:01:26+00:00,usd_mxn,17.68,17.69,0.057
2024-07-17 22:01:27+00:00,usd_mxn,17.68,17.69,0.057
2024-07-17 22:01:28+00:00,usd_mxn,17.68,17.69,0.057
2024-07-17 22:01:29+00:00,usd_mxn,17.68,17.69,0.057
2024-07-17 22:01:30+00:00,usd_mxn,17.68,17.69,0.057
2024-07-17 22:01:31+00:00,usd_mxn,17.68,17.69,0.057
2024-07-17 22:01:32+00:00,usd_mxn,17.68,17.69,0.057
2024-07-17 22:01:33+00:00,usd_mxn,17.68,17.69,0.057
2024-07-17 22:01:34+00:00,usd_mxn,17.68,17.69,0.057
2024-07-17 22:01:35+00:00,usd_mxn,17.68,17.69,0.057
2024-07-17 22:01:36+00:00,usd_mxn,17.68,17.69,0.057
2024-07-17 22:01:37+00:00,usd_mxn,17.68,17.69,0.057
2024-07-17 22:01:38+00:00,usd_mxn,17.68,17.69,0.057
2024-07-17 22:01:39+00:00,usd_mxn,17.68,17.69,0.057
2024-07-17 22:01:40+00:00,usd_mxn,17.68,17.69,0.057
2024-07-17 22:01:41+00:00,usd_mxn,17.68,17.69,0.057
2024-07-17 22:01:43+00:00,usd_mxn,17.68,17.69,0.057
2024-07-17 22:01:43+00:00,usd_mxn,17.68,17.69,0.057
2024-07-17 22:01:44+00:00,usd_mxn,17.68,17.69,0.057
2024-07-17 22:01:45+00:00,usd_mxn,17.68,17.69,0.057
2024-07-17 22:01:46+00:00,usd_mxn,17.68,17.69,0.057
2024-07-17 22:01:48+00:00,usd_mxn,17.68,17.69,0.057
2024-07-17 22:01:49+00:00,usd_mxn,17.68,17.69,0.057
2024-07-17 22:01:50+00:00,usd_mxn,17.68,17.69,0.057
2024-07-17 22:01:51+00:00,usd_mxn,17.68,17.69,0.057
2024-07-17 22:01:52+00:00,usd_mxn,17.68,17.69,0.057
2024-07-17 22:01:53+00:00,usd_mxn,17.68,17.69,0.057
2024-07-17 22:01:54+00:00,usd_mxn,17.68,17.69,0.057
2024-07-17 22:01:55+00:00,usd_mxn,17.68,17.69,0.057
2024-07-17 22:01:56+00:00,usd_mxn,17.68,17.69,0.057
2024-07-17 22:01:57+00:00,usd_mxn,17.68,17.69,0.057
2024-07-17 22:01:58+00:00,usd_mxn,17.68,17.69,0.057
2024-07-17 22:01:59+00:00,usd_mxn,17.68,17.69,0.057
2024-07-17 22:02:00+00:00,usd_mxn,17.68,17.69,0.057
2024-07-17 22:02:01+00:00,usd_mxn,17.68,17.69,0.057
2024-07-17 22:02:02+00:00,usd_mxn,17.68,17.69,0.057
2024-07-17 22:02:03+00:00,usd_mxn,17.68,17.69,0.057
2024-07-17 22:02:04+00:00,usd_mxn,17.68,17.69,0.057
2024-07-17 22:02:05+00:00,usd_mxn,17.68,17.69,0.057
2024-07-17 22:02:06+00:00,usd_mxn,17.68,17.69,0.057
2024-07-17 22:02:07+00:00,usd_mxn,17.68,17.69,0.057
2024-07-17 22:02:08+00:00,usd_mxn,17.68,17.69,0.057
2024-07-17 22:02:09+00:00,usd_mxn,17.68,17.69,0.057
2024-07-17 22:02:10+00:00,usd_mxn,17.68,17.69,0.057
2024-07-17 22:02:11+00:00,usd_mxn,17.68,17.69,0.057
2024-07-17 22:02:12+00:00,usd_mxn,17.68,17.69,0.057
2024-07-17 22:02:13+00:00,usd_mxn,17.68,17.69,0.057
2024-07-17 22:02:14+00:00,usd_mxn,17.68,17.69,0.057
2024-07-17 22:02:15+00:00,usd_mxn,17.68,17.69,0.057
2024-07-17 22:02:16+00:00,usd_mxn,17.68,17.69,0.057
2024-07-17 22:02:17+00:00,usd_mxn,17.68,17.69,0.057
2024-07-17 22:02:18+00:00,usd_mxn,17.68,17.69,0.057
2024-07-17 22:02:19+00:00,usd_mxn,17.68,17.69,0.057
2024-07-17 22:02:20+00:00,usd_mxn,17.68,17.69,0.057
2024-07-17 22:02:21+00:00,usd_mxn,17.68,17.69,0.057
2024-07-17 22:02:22+00:00,usd_mxn,17.68,17.69,0.057
2024-07-17 22:02:23+00:00,usd_mxn,17.68,17.69,0.057
2024-07-17 22:02:24+00:00,usd_mxn,17.68,17.69,0.057
2024-07-17 22:02:25+00:00,usd_mxn,17.68,17.69,0.057
2024-07-17 22:02:26+00:00,usd_mxn,17.68,17.69,0.057
2024-07-17 22:02:27+00:00,usd_mxn,17.68,17.69,0.057
2024-07-17 22:02:28+00:00,usd_mxn,17.68,17.69,0.057
2024-07-17 22:02:29+00:00,usd_mxn,17.68,17.69,0.057
2024-07-17 22:02:30+00:00,usd_mxn,17.68,17.69,0.057
2024-07-17 22:02:31+00:00,usd_mxn,17.68,17.69,0.057
2024-07-17 22:02:32+00:00,usd_mxn,17.68,17.69,0.057
2024-07-17 22:02:33+00:00,usd_mxn,17.68,17.69,0.057
2024-07-17 22:02:34+00:00,usd_mxn,17.68,17.69,0.057
2024-07-17 22:02:35+00:00,usd_mxn,17.68,17.69,0.057
2024-07-17 22:02:36+00:00,usd_mxn,17.68,17.69,0.057
2024-07-17 22:02:37+00:00,usd_mxn,17.68,17.69,0.057
2024-07-17 22:02:38+00:00,usd_mxn,17.68,17.69,0.057
2024-07-17 22:02:39+00:00,usd_mxn,17.68,17.69,0.057
2024-07-17 22:02:40+00:00,usd_mxn,17.68,17.69,0.057
2024-07-17 22:02:41+00:00,usd_mxn,17.68,17.69,0.057
2024-07-17 22:02:42+00:00,usd_mxn,17.68,17.69,0.057
2024-07-17 22:02:43+00:00,usd_mxn,17.68,17.69,0.057
2024-07-17 22:02:44+00:00,usd_mxn,17.68,17.69,0.057
2024-07-17 22:02:45+00:00,usd_mxn,17.68,17.69,0.057
2024-07-17 22:02:46+00:00,usd_mxn,17.68,17.69,0.057
2024-07-17 22:02:47+00:00,usd_mxn,17.68,17.69,0.057
2024-07-17 22:02:48+00:00,usd_mxn,17.68,17.69,0.057
2024-07-17 22:02:50+00:00,usd_mxn,17.68,17.69,0.057
2024-07-17 22:02:52+00:00,usd_mxn,17.68,17.69,0.057
2024-07-17 22:02:53+00:00,usd_mxn,17.68,17.69,0.057
2024-07-17 22:02:54+00:00,usd_mxn,17.68,17.69,0.057
2024-07-17 22:02:55+00:00,usd_mxn,17.68,17.69,0.057
2024-07-17 22:02:56+00:00,usd_mxn,17.68,17.69,0.057
2024-07-17 22:02:57+00:00,usd_mxn,17.68,17.69,0.057
2024-07-17 22:02:58+00:00,usd_mxn,17.68,17.69,0.057
2024-07-17 22:02:59+00:00,usd_mxn,17.68,17.69,0.057
2024-07-17 22:03:00+00:00,usd_mxn,17.68,17.69,0.057
2024-07-17 22:03:01+00:00,usd_mxn,17.68,17.69,0.057
2024-07-17 22:03:02+00:00,usd_mxn,17.68,17.69,0.057
2024-07-17 22:03:03+00:00,usd_mxn,17.68,17.69,0.057
2024-07-17 22:03:04+00:00,usd_mxn,17.68,17.69,0.057
2024-07-17 22:03:05+00:00,usd_mxn,17.68,17.69,0.057
2024-07-17 22:03:06+00:00,usd_mxn,17.68,17.69,0.057
2024-07-17 22:03:07+00:00,usd_mxn,17.68,17.69,0.057
2024-07-17 22:03:08+00:00,usd_mxn,17.68,17.69,0.057
2024-07-17 22:03:09+00:00,usd_mxn,17.68,17.69,0.057
2024-07-17 22:03:10+00:00,usd_mxn,17.68,17.69,0.057
2024-07-17 22:03:11+00:00,usd_mxn,17.68,17.69,0.057
2024-07-17 22:03:12+00:00,usd_mxn,17.68,17.69,0.057
2024-07-17 22:03:13+00:00,usd_mxn,17.68,17.69,0.057
2024-07-17 22:03:14+00:00,usd_mxn,17.68,17.69,0.057
2024-07-17 22:03:15+00:00,usd_mxn,17.68,17.69,0.057
2024-07-17 22:03:16+00:00,usd_mxn,17.68,17.69,0.057
2024-07-17 22:03:17+00:00,usd_mxn,17.68,17.69,0.057
2024-07-17 22:03:18+00:00,usd_mxn,17.68,17.69,0.057
2024-07-17 22:03:19+00:00,usd_mxn,17.68,17.69,0.057
2024-07-17 22:03:21+00:00,usd_mxn,17.68,17.69,0.057
2024-07-17 22:03:21+00:00,usd_mxn,17.68,17.69,0.057
2024-07-17 22:03:22+00:00,usd_mxn,17.68,17.69,0.057
2024-07-17 22:03:23+00:00,usd_mxn,17.68,17.69,0.057
2024-07-17 22:03:24+00:00,usd_mxn,17.68,17.69,0.057
2024-07-17 22:03:25+00:00,usd_mxn,17.68,17.69,0.057
2024-07-17 22:03:26+00:00,usd_mxn,17.68,17.69,0.057
2024-07-17 22:03:27+00:00,usd_mxn,17.68,17.69,0.057
2024-07-17 22:03:28+00:00,usd_mxn,17.68,17.69,0.057
2024-07-17 22:03:29+00:00,usd_mxn,17.68,17.69,0.057
2024-07-17 22:03:30+00:00,usd_mxn,17.68,17.69,0.057
2024-07-17 22:03:31+00:00,usd_mxn,17.68,17.69,0.057
2024-07-17 22:03:32+00:00,usd_mxn,17.68,17.69,0.057
2024-07-17 22:03:33+00:00,usd_mxn,17.68,17.69,0.057
2024-07-17 22:03:34+00:00,usd_mxn,17.68,17.69,0.057
2024-07-17 22:03:35+00:00,usd_mxn,17.68,17.69,0.057
2024-07-17 22:03:36+00:00,usd_mxn,17.68,17.69,0.057
2024-07-17 22:03:37+00:00,usd_mxn,17.68,17.69,0.057
2024-07-17 22:03:38+00:00,usd_mxn,17.68,17.69,0.057
2024-07-17 22:03:39+00:00,usd_mxn,17.68,17.69,0.057
2024-07-17 22:03:40+00:00,usd_mxn,17.68,17.69,0.057
2024-07-17 22:03:41+00:00,usd_mxn,17.68,17.69,0.057
2024-07-17 22:03:42+00:00,usd_mxn,17.68,17.69,0.057
2024-07-17 22:03:44+00:00,usd_mxn,17.68,17.69,0.057
2024-07-17 22:03:45+00:00,usd_mxn,17.68,17.69,0.057
2024-07-17 22:03:46+00:00,usd_mxn,17.68,17.69,0.057
2024-07-17 22:03:47+00:00,usd_mxn,17.68,17.69,0.057
2024-07-17 22:03:48+00:00,usd_mxn,17.68,17.69,0.057
2024-07-17 22:03:49+00:00,usd_mxn,17.68,17.69,0.057
2024-07-17 22:03:50+00:00,usd_mxn,17.68,17.69,0.057
2024-07-17 22:03:52+00:00,usd_mxn,17.68,17.69,0.057
2024-07-17 22:03:53+00:00,usd_mxn,17.68,17.69,0.057
2024-07-17 22:03:54+00:00,usd_mxn,17.68,17.69,0.057
2024-07-17 22:03:55+00:00,usd_mxn,17.68,17.69,0.057
2024-07-17 22:03:56+00:00,usd_mxn,17.68,17.69,0.057
2024-07-17 22:03:57+00:00,usd_mxn,17.68,17.69,0.057
2024-07-17 22:03:58+00:00,usd_mxn,17.68,17.69,0.057
2024-07-17 22:03:59+00:00,usd_mxn,17.68,17.69,0.057
2024-07-17 22:04:00+00:00,usd_mxn,17.68,17.69,0.057
2024-07-17 22:04:01+00:00,usd_mxn,17.68,17.69,0.057
2024-07-17 22:04:03+00:00,usd_mxn,17.68,17.69,0.057
2024-07-17 22:04:04+00:00,usd_mxn,17.68,17.69,0.057
2024-07-17 22:04:05+00:00,usd_mxn,17.68,17.69,0.057
2024-07-17 22:04:06+00:00,usd_mxn,17.68,17.69,0.057
2024-07-17 22:04:07+00:00,usd_mxn,17.68,17.69,0.057
2024-07-17 22:04:08+00:00,usd_mxn,17.68,17.69,0.057
2024-07-17 22:04:09+00:00,usd_mxn,17.68,17.69,0.057
2024-07-17 22:04:10+00:00,usd_mxn,17.68,17.69,0.057
2024-07-17 22:04:11+00:00,usd_mxn,17.68,17.69,0.057
2024-07-17 22:04:12+00:00,usd_mxn,17.68,17.69,0.057
2024-07-17 22:04:13+00:00,usd_mxn,17.68,17.69,0.057
2024-07-17 22:04:14+00:00,usd_mxn,17.68,17.69,0.057
2024-07-17 22:04:15+00:00,usd_mxn,17.68,17.69,0.057
2024-07-17 22:04:16+00:00,usd_mxn,17.68,17.69,0.057
2024-07-17 22:04:17+00:00,usd_mxn,17.68,17.69,0.057
2024-07-17 22:04:18+00:00,usd_mxn,17.68,17.69,0.057
2024-07-17 22:04:19+00:00,usd_mxn,17.68,17.69,0.057
2024-07-17 22:04:20+00:00,usd_mxn,17.68,17.69,0.057
2024-07-17 22:04:21+00:00,usd_mxn,17.68,17.69,0.057
2024-07-17 22:04:22+00:00,usd_mxn,17.68,17.69,0.057
2024-07-17 22:04:23+00:00,usd_mxn,17.68,17.69,0.057
2024-07-17 22:04:24+00:00,usd_mxn,17.68,17.69,0.057
2024-07-17 22:04:25+00:00,usd_mxn,17.68,17.69,0.057
2024-07-17 22:04:26+00:00,usd_mxn,17.68,17.69,0.057
2024-07-17 22:04:27+00:00,usd_mxn,17.68,17.69,0.057
2024-07-17 22:04:28+00:00,usd_mxn,17.68,17.69,0.057
2024-07-17 22:04:29+00:00,usd_mxn,17.68,17.69,0.057
2024-07-17 22:04:30+00:00,usd_mxn,17.68,17.69,0.057
2024-07-17 22:04:31+00:00,usd_mxn,17.68,17.69,0.057
2024-07-17 22:04:32+00:00,usd_mxn,17.68,17.69,0.057
2024-07-17 22:04:33+00:00,usd_mxn,17.68,17.69,0.057
2024-07-17 22:04:34+00:00,usd_mxn,17.68,17.69,0.057
2024-07-17 22:04:35+00:00,usd_mxn,17.68,17.69,0.057
2024-07-17 22:04:36+00:00,usd_mxn,17.68,17.69,0.057
2024-07-17 22:04:37+00:00,usd_mxn,17.68,17.69,0.057
2024-07-17 22:04:38+00:00,usd_mxn,17.68,17.69,0.057
2024-07-17 22:04:39+00:00,usd_mxn,17.68,17.69,0.057
2024-07-17 22:04:40+00:00,usd_mxn,17.68,17.69,0.057
2024-07-17 22:04:41+00:00,usd_mxn,17.68,17.69,0.057
2024-07-17 22:04:42+00:00,usd_mxn,17.68,17.69,0.057
2024-07-17 22:04:43+00:00,usd_mxn,17.68,17.69,0.057
2024-07-17 22:04:44+00:00,usd_mxn,17.68,17.69,0.057
2024-07-17 22:04:45+00:00,usd_mxn,17.68,17.69,0.057
2024-07-17 22:04:46+00:00,usd_mxn,17.68,17.69,0.057
2024-07-17 22:04:47+00:00,usd_mxn,17.68,17.69,0.057
2024-07-17 22:04:48+00:00,usd_mxn,17.68,17.69,0.057
2024-07-17 22:04:49+00:00,usd_mxn,17.68,17.69,0.057
2024-07-17 22:04:50+00:00,usd_mxn,17.68,17.69,0.057
2024-07-17 22:04:51+00:00,usd_mxn,17.68,17.69,0.057
2024-07-17 22:04:52+00:00,usd_mxn,17.68,17.69,0.057
2024-07-17 22:04:53+00:00,usd_mxn,17.68,17.69,0.057
2024-07-17 22:04:54+00:00,usd_mxn,17.68,17.69,0.057
2024-07-17 22:04:55+00:00,usd_mxn,17.68,17.69,0.057
2024-07-17 22:04:56+00:00,usd_mxn,17.68,17.69,0.057
2024-07-17 22:04:58+00:00,usd_mxn,17.68,17.69,0.057
2024-07-17 22:04:59+00:00,usd_mxn,17.68,17.69,0.057
2024-07-17 22:05:00+00:00,usd_mxn,17.68,17.69,0.057
2024-07-17 22:05:01+00:00,usd_mxn,17.68,17.69,0.057
2024-07-17 22:05:02+00:00,usd_mxn,17.68,17.69,0.057
2024-07-17 22:05:03+00:00,usd_mxn,17.68,17.69,0.057
2024-07-17 22:05:04+00:00,usd_mxn,17.68,17.69,0.057
2024-07-17 22:05:05+00:00,usd_mxn,17.68,17.69,0.057
2024-07-17 22:05:06+00:00,usd_mxn,17.68,17.69,0.057
2024-07-17 22:05:07+00:00,usd_mxn,17.68,17.69,0.057
2024-07-17 22:05:08+00:00,usd_mxn,17.68,17.69,0.057
2024-07-17 22:05:09+00:00,usd_mxn,17.68,17.69,0.057
2024-07-17 22:05:10+00:00,usd_mxn,17.68,17.69,0.057
2024-07-17 22:05:11+00:00,usd_mxn,17.68,17.69,0.057
2024-07-17 22:05:12+00:00,usd_mxn,17.68,17.69,0.057
2024-07-17 22:05:13+00:00,usd_mxn,17.68,17.69,0.057
2024-07-17 22:05:14+00:00,usd_mxn,17.68,17.69,0.057
2024-07-17 22:05:15+00:00,usd_mxn,17.68,17.69,0.057
2024-07-17 22:05:16+00:00,usd_mxn,17.68,17.69,0.057
2024-07-17 22:05:17+00:00,usd_mxn,17.68,17.69,0.057
2024-07-17 22:05:18+00:00,usd_mxn,17.68,17.69,0.057
2024-07-17 22:05:19+00:00,usd_mxn,17.68,17.69,0.057
2024-07-17 22:05:20+00:00,usd_mxn,17.68,17.69,0.057
2024-07-17 22:05:21+00:00,usd_mxn,17.68,17.69,0.057
2024-07-17 22:05:22+00:00,usd_mxn,17.68,17.69,0.057
2024-07-17 22:05:23+00:00,usd_mxn,17.68,17.69,0.057
2024-07-17 22:05:24+00:00,usd_mxn,17.68,17.69,0.057
2024-07-17 22:05:25+00:00,usd_mxn,17.68,17.69,0.057
2024-07-17 22:05:26+00:00,usd_mxn,17.68,17.69,0.057
2024-07-17 22:05:27+00:00,usd_mxn,17.68,17.69,0.057
2024-07-17 22:05:28+00:00,usd_mxn,17.68,17.69,0.057
2024-07-17 22:05:29+00:00,usd_mxn,17.68,17.69,0.057
2024-07-17 22:05:30+00:00,usd_mxn,17.68,17.69,0.057
2024-07-17 22:05:31+00:00,usd_mxn,17.68,17.69,0.057
2024-07-17 22:05:32+00:00,usd_mxn,17.68,17.69,0.057
2024-07-17 22:05:33+00:00,usd_mxn,17.68,17.69,0.057
2024-07-17 22:05:34+00:00,usd_mxn,17.68,17.69,0.057
2024-07-17 22:05:35+00:00,usd_mxn,17.68,17.69,0.057
2024-07-17 22:05:36+00:00,usd_mxn,17.68,17.69,0.057
2024-07-17 22:05:37+00:00,usd_mxn,17.68,17.69,0.057
2024-07-17 22:05:38+00:00,usd_mxn,17.68,17.69,0.057
2024-07-17 22:05:39+00:00,usd_mxn,17.68,17.69,0.057
2024-07-17 22:05:40+00:00,usd_mxn,17.68,17.69,0.057
2024-07-17 22:05:41+00:00,usd_mxn,17.68,17.69,0.057
2024-07-17 22:05:42+00:00,usd_mxn,17.68,17.69,0.057
2024-07-17 22:05:43+00:00,usd_mxn,17.68,17.69,0.057
2024-07-17 22:05:44+00:00,usd_mxn,17.68,17.69,0.057
2024-07-17 22:05:45+00:00,usd_mxn,17.68,17.69,0.057
2024-07-17 22:05:46+00:00,usd_mxn,17.68,17.69,0.057
2024-07-17 22:05:47+00:00,usd_mxn,17.68,17.69,0.057
2024-07-17 22:05:48+00:00,usd_mxn,17.68,17.69,0.057
2024-07-17 22:05:49+00:00,usd_mxn,17.68,17.69,0.057
2024-07-17 22:05:50+00:00,usd_mxn,17.68,17.69,0.057
2024-07-17 22:05:51+00:00,usd_mxn,17.68,17.69,0.057
2024-07-17 22:05:52+00:00,usd_mxn,17.68,17.69,0.057
2024-07-17 22:05:53+00:00,usd_mxn,17.68,17.69,0.057
2024-07-17 22:05:54+00:00,usd_mxn,17.68,17.69,0.057
