orderbook_timestamp,book,bid,ask,spread
2024-07-17 20:43:39+00:00,usd_mxn,17.67,17.69,0.113
2024-07-17 20:43:40+00:00,usd_mxn,17.67,17.69,0.113
2024-07-17 20:43:41+00:00,usd_mxn,17.67,17.69,0.113
2024-07-17 20:43:42+00:00,usd_mxn,17.67,17.69,0.113
2024-07-17 20:43:43+00:00,usd_mxn,17.67,17.69,0.113
2024-07-17 20:43:44+00:00,usd_mxn,17.67,17.69,0.113
2024-07-17 20:43:45+00:00,usd_mxn,17.67,17.69,0.113
2024-07-17 20:43:46+00:00,usd_mxn,17.67,17.69,0.113
2024-07-17 20:43:47+00:00,usd_mxn,17.67,17.69,0.113
2024-07-17 20:43:48+00:00,usd_mxn,17.67,17.69,0.113
2024-07-17 20:43:49+00:00,usd_mxn,17.67,17.69,0.113
2024-07-17 20:43:50+00:00,usd_mxn,17.67,17.69,0.113
2024-07-17 20:43:51+00:00,usd_mxn,17.67,17.69,0.113
2024-07-17 20:43:52+00:00,usd_mxn,17.67,17.69,0.113
2024-07-17 20:43:53+00:00,usd_mxn,17.67,17.69,0.113
2024-07-17 20:43:55+00:00,usd_mxn,17.67,17.69,0.113
2024-07-17 20:43:55+00:00,usd_mxn,17.67,17.69,0.113
2024-07-17 20:43:56+00:00,usd_mxn,17.67,17.69,0.113
2024-07-17 20:43:57+00:00,usd_mxn,17.67,17.69,0.113
2024-07-17 20:43:59+00:00,usd_mxn,17.67,17.69,0.113
2024-07-17 20:44:00+00:00,usd_mxn,17.67,17.69,0.113
2024-07-17 20:44:01+00:00,usd_mxn,17.67,17.69,0.113
2024-07-17 20:44:02+00:00,usd_mxn,17.67,17.69,0.113
2024-07-17 20:44:03+00:00,usd_mxn,17.67,17.69,0.113
2024-07-17 20:44:05+00:00,usd_mxn,17.67,17.69,0.113
2024-07-17 20:44:05+00:00,usd_mxn,17.67,17.69,0.113
2024-07-17 20:44:06+00:00,usd_mxn,17.67,17.69,0.113
2024-07-17 20:44:07+00:00,usd_mxn,17.67,17.69,0.113
2024-07-17 20:44:08+00:00,usd_mxn,17.67,17.69,0.113
2024-07-17 20:44:09+00:00,usd_mxn,17.67,17.69,0.113
2024-07-17 20:44:10+00:00,usd_mxn,17.67,17.69,0.113
2024-07-17 20:44:11+00:00,usd_mxn,17.67,17.69,0.113
2024-07-17 20:44:12+00:00,usd_mxn,17.67,17.69,0.113
2024-07-17 20:44:13+00:00,usd_mxn,17.67,17.69,0.113
2024-07-17 20:44:14+00:00,usd_mxn,17.67,17.69,0.113
2024-07-17 20:44:15+00:00,usd_mxn,17.67,17.69,0.113
2024-07-17 20:44:16+00:00,usd_mxn,17.67,17.69,0.113
2024-07-17 20:44:17+00:00,usd_mxn,17.67,17.69,0.113
2024-07-17 20:44:18+00:00,usd_mxn,17.67,17.69,0.113
2024-07-17 20:44:19+00:00,usd_mxn,17.67,17.69,0.113
2024-07-17 20:44:20+00:00,usd_mxn,17.67,17.69,0.113
2024-07-17 20:44:21+00:00,usd_mxn,17.67,17.69,0.113
2024-07-17 20:44:22+00:00,usd_mxn,17.67,17.69,0.113
2024-07-17 20:44:23+00:00,usd_mxn,17.67,17.69,0.113
2024-07-17 20:44:24+00:00,usd_mxn,17.67,17.69,0.113
2024-07-17 20:44:25+00:00,usd_mxn,17.67,17.69,0.113
2024-07-17 20:44:26+00:00,usd_mxn,17.67,17.69,0.113
2024-07-17 20:44:27+00:00,usd_mxn,17.67,17.69,0.113
2024-07-17 20:44:28+00:00,usd_mxn,17.67,17.69,0.113
2024-07-17 20:44:29+00:00,usd_mxn,17.67,17.69,0.113
2024-07-17 20:44:30+00:00,usd_mxn,17.67,17.69,0.113
2024-07-17 20:44:31+00:00,usd_mxn,17.67,17.69,0.113
2024-07-17 20:44:32+00:00,usd_mxn,17.67,17.69,0.113
2024-07-17 20:44:33+00:00,usd_mxn,17.67,17.69,0.113
2024-07-17 20:44:34+00:00,usd_mxn,17.67,17.69,0.113
2024-07-17 20:44:35+00:00,usd_mxn,17.67,17.69,0.113
2024-07-17 20:44:36+00:00,usd_mxn,17.67,17.69,0.113
2024-07-17 20:44:37+00:00,usd_mxn,17.67,17.69,0.113
2024-07-17 20:44:39+00:00,usd_mxn,17.67,17.69,0.113
2024-07-17 20:44:40+00:00,usd_mxn,17.67,17.69,0.113
2024-07-17 20:44:41+00:00,usd_mxn,17.67,17.69,0.113
2024-07-17 20:44:42+00:00,usd_mxn,17.67,17.69,0.113
2024-07-17 20:44:43+00:00,usd_mxn,17.67,17.69,0.113
2024-07-17 20:44:44+00:00,usd_mxn,17.67,17.69,0.113
2024-07-17 20:44:45+00:00,usd_mxn,17.67,17.69,0.113
2024-07-17 20:44:46+00:00,usd_mxn,17.67,17.69,0.113
2024-07-17 20:44:47+00:00,usd_mxn,17.67,17.69,0.113
2024-07-17 20:44:48+00:00,usd_mxn,17.67,17.69,0.113
2024-07-17 20:44:49+00:00,usd_mxn,17.67,17.69,0.113
2024-07-17 20:44:50+00:00,usd_mxn,17.67,17.69,0.113
2024-07-17 20:44:51+00:00,usd_mxn,17.67,17.69,0.113
2024-07-17 20:44:52+00:00,usd_mxn,17.67,17.69,0.113
2024-07-17 20:44:53+00:00,usd_mxn,17.67,17.69,0.113
2024-07-17 20:44:54+00:00,usd_mxn,17.67,17.69,0.113
2024-07-17 20:44:55+00:00,usd_mxn,17.67,17.69,0.113
2024-07-17 20:44:56+00:00,usd_mxn,17.67,17.69,0.113
2024-07-17 20:44:57+00:00,usd_mxn,17.67,17.69,0.113
2024-07-17 20:44:58+00:00,usd_mxn,17.67,17.69,0.113
2024-07-17 20:44:59+00:00,usd_mxn,17.67,17.69,0.113
2024-07-17 20:45:00+00:00,usd_mxn,17.67,17.69,0.113
2024-07-17 20:45:01+00:00,usd_mxn,17.67,17.69,0.113
2024-07-17 20:45:02+00:00,usd_mxn,17.67,17.69,0.113
2024-07-17 20:45:03+00:00,usd_mxn,17.67,17.69,0.113
2024-07-17 20:45:04+00:00,usd_mxn,17.67,17.69,0.113
2024-07-17 20:45:05+00:00,usd_mxn,17.67,17.69,0.113
2024-07-17 20:45:06+00:00,usd_mxn,17.67,17.69,0.113
2024-07-17 20:45:07+00:00,usd_mxn,17.67,17.69,0.113
2024-07-17 20:45:08+00:00,usd_mxn,17.67,17.69,0.113
2024-07-17 20:45:09+00:00,usd_mxn,17.67,17.69,0.113
2024-07-17 20:45:10+00:00,usd_mxn,17.67,17.69,0.113
2024-07-17 20:45:11+00:00,usd_mxn,17.67,17.69,0.113
2024-07-17 20:45:12+00:00,usd_mxn,17.67,17.69,0.113
2024-07-17 20:45:13+00:00,usd_mxn,17.67,17.69,0.113
2024-07-17 20:45:14+00:00,usd_mxn,17.67,17.69,0.113
2024-07-17 20:45:15+00:00,usd_mxn,17.67,17.69,0.113
2024-07-17 20:45:16+00:00,usd_mxn,17.67,17.69,0.113
2024-07-17 20:45:17+00:00,usd_mxn,17.67,17.69,0.113
2024-07-17 20:45:18+00:00,usd_mxn,17.67,17.69,0.113
2024-07-17 20:45:19+00:00,usd_mxn,17.67,17.69,0.113
2024-07-17 20:45:20+00:00,usd_mxn,17.67,17.69,0.113
2024-07-17 20:45:22+00:00,usd_mxn,17.67,17.69,0.113
2024-07-17 20:45:22+00:00,usd_mxn,17.67,17.69,0.113
2024-07-17 20:45:24+00:00,usd_mxn,17.67,17.69,0.113
2024-07-17 20:45:25+00:00,usd_mxn,17.67,17.69,0.113
2024-07-17 20:45:26+00:00,usd_mxn,17.67,17.69,0.113
2024-07-17 20:45:27+00:00,usd_mxn,17.67,17.69,0.113
2024-07-17 20:45:28+00:00,usd_mxn,17.67,17.69,0.113
2024-07-17 20:45:29+00:00,usd_mxn,17.67,17.69,0.113
2024-07-17 20:45:31+00:00,usd_mxn,17.67,17.69,0.113
2024-07-17 20:45:32+00:00,usd_mxn,17.67,17.69,0.113
2024-07-17 20:45:33+00:00,usd_mxn,17.67,17.69,0.113
2024-07-17 20:45:34+00:00,usd_mxn,17.67,17.69,0.113
2024-07-17 20:45:35+00:00,usd_mxn,17.67,17.69,0.113
2024-07-17 20:45:36+00:00,usd_mxn,17.67,17.69,0.113
2024-07-17 20:45:37+00:00,usd_mxn,17.67,17.69,0.113
2024-07-17 20:45:38+00:00,usd_mxn,17.67,17.69,0.113
2024-07-17 20:45:39+00:00,usd_mxn,17.67,17.69,0.113
2024-07-17 20:45:40+00:00,usd_mxn,17.67,17.69,0.113
2024-07-17 20:45:41+00:00,usd_mxn,17.67,17.69,0.113
2024-07-17 20:45:42+00:00,usd_mxn,17.67,17.69,0.113
2024-07-17 20:45:43+00:00,usd_mxn,17.67,17.69,0.113
2024-07-17 20:45:44+00:00,usd_mxn,17.67,17.69,0.113
2024-07-17 20:45:45+00:00,usd_mxn,17.67,17.69,0.113
2024-07-17 20:45:46+00:00,usd_mxn,17.67,17.69,0.113
2024-07-17 20:45:47+00:00,usd_mxn,17.67,17.69,0.113
2024-07-17 20:45:48+00:00,usd_mxn,17.67,17.69,0.113
2024-07-17 20:45:49+00:00,usd_mxn,17.67,17.69,0.113
2024-07-17 20:45:50+00:00,usd_mxn,17.67,17.69,0.113
2024-07-17 20:45:51+00:00,usd_mxn,17.67,17.69,0.113
2024-07-17 20:45:52+00:00,usd_mxn,17.67,17.69,0.113
2024-07-17 20:45:53+00:00,usd_mxn,17.67,17.69,0.113
2024-07-17 20:45:54+00:00,usd_mxn,17.67,17.69,0.113
2024-07-17 20:45:55+00:00,usd_mxn,17.67,17.69,0.113
2024-07-17 20:45:56+00:00,usd_mxn,17.67,17.69,0.113
2024-07-17 20:45:57+00:00,usd_mxn,17.67,17.69,0.113
2024-07-17 20:45:58+00:00,usd_mxn,17.67,17.69,0.113
2024-07-17 20:46:00+00:00,usd_mxn,17.67,17.69,0.113
2024-07-17 20:46:01+00:00,usd_mxn,17.67,17.69,0.113
2024-07-17 20:46:02+00:00,usd_mxn,17.67,17.69,0.113
2024-07-17 20:46:03+00:00,usd_mxn,17.67,17.69,0.113
2024-07-17 20:46:04+00:00,usd_mxn,17.67,17.69,0.113
2024-07-17 20:46:05+00:00,usd_mxn,17.67,17.69,0.113
2024-07-17 20:46:06+00:00,usd_mxn,17.67,17.69,0.113
2024-07-17 20:46:07+00:00,usd_mxn,17.67,17.69,0.113
2024-07-17 20:46:08+00:00,usd_mxn,17.67,17.69,0.113
2024-07-17 20:46:09+00:00,usd_mxn,17.67,17.69,0.113
2024-07-17 20:46:10+00:00,usd_mxn,17.67,17.69,0.113
2024-07-17 20:46:11+00:00,usd_mxn,17.67,17.69,0.113
2024-07-17 20:46:12+00:00,usd_mxn,17.67,17.69,0.113
2024-07-17 20:46:13+00:00,usd_mxn,17.67,17.69,0.113
2024-07-17 20:46:14+00:00,usd_mxn,17.67,17.69,0.113
2024-07-17 20:46:15+00:00,usd_mxn,17.67,17.69,0.113
2024-07-17 20:46:16+00:00,usd_mxn,17.67,17.69,0.113
2024-07-17 20:46:17+00:00,usd_mxn,17.67,17.69,0.113
2024-07-17 20:46:18+00:00,usd_mxn,17.67,17.69,0.113
2024-07-17 20:46:19+00:00,usd_mxn,17.67,17.69,0.113
2024-07-17 20:46:20+00:00,usd_mxn,17.67,17.69,0.113
2024-07-17 20:46:21+00:00,usd_mxn,17.67,17.69,0.113
2024-07-17 20:46:22+00:00,usd_mxn,17.67,17.69,0.113
2024-07-17 20:46:23+00:00,usd_mxn,17.67,17.69,0.113
2024-07-17 20:46:24+00:00,usd_mxn,17.67,17.69,0.113
2024-07-17 20:46:25+00:00,usd_mxn,17.67,17.69,0.113
2024-07-17 20:46:26+00:00,usd_mxn,17.67,17.69,0.113
2024-07-17 20:46:27+00:00,usd_mxn,17.67,17.69,0.113
2024-07-17 20:46:28+00:00,usd_mxn,17.67,17.69,0.113
2024-07-17 20:46:29+00:00,usd_mxn,17.67,17.69,0.113
2024-07-17 20:46:30+00:00,usd_mxn,17.67,17.69,0.113
2024-07-17 20:46:31+00:00,usd_mxn,17.67,17.69,0.113
2024-07-17 20:46:32+00:00,usd_mxn,17.67,17.69,0.113
2024-07-17 20:46:33+00:00,usd_mxn,17.67,17.69,0.113
2024-07-17 20:46:34+00:00,usd_mxn,17.67,17.69,0.113
2024-07-17 20:46:35+00:00,usd_mxn,17.67,17.69,0.113
2024-07-17 20:46:36+00:00,usd_mxn,17.67,17.69,0.113
2024-07-17 20:46:37+00:00,usd_mxn,17.67,17.69,0.113
2024-07-17 20:46:38+00:00,usd_mxn,17.67,17.69,0.113
2024-07-17 20:46:39+00:00,usd_mxn,17.67,17.69,0.113
2024-07-17 20:46:40+00:00,usd_mxn,17.67,17.69,0.113
2024-07-17 20:46:41+00:00,usd_mxn,17.67,17.69,0.113
2024-07-17 20:46:42+00:00,usd_mxn,17.67,17.69,0.113
2024-07-17 20:46:43+00:00,usd_mxn,17.67,17.69,0.113
2024-07-17 20:46:44+00:00,usd_mxn,17.67,17.69,0.113
2024-07-17 20:46:45+00:00,usd_mxn,17.67,17.69,0.113
2024-07-17 20:46:46+00:00,usd_mxn,17.67,17.69,0.113
2024-07-17 20:46:48+00:00,usd_mxn,17.67,17.69,0.113
2024-07-17 20:46:49+00:00,usd_mxn,17.67,17.69,0.113
2024-07-17 20:46:50+00:00,usd_mxn,17.67,17.69,0.113
2024-07-17 20:46:51+00:00,usd_mxn,17.67,17.69,0.113
2024-07-17 20:46:53+00:00,usd_mxn,17.67,17.69,0.113
2024-07-17 20:46:54+00:00,usd_mxn,17.67,17.69,0.113
2024-07-17 20:46:55+00:00,usd_mxn,17.67,17.69,0.113
2024-07-17 20:46:56+00:00,usd_mxn,17.67,17.69,0.113
2024-07-17 20:46:57+00:00,usd_mxn,17.67,17.69,0.113
2024-07-17 20:46:58+00:00,usd_mxn,17.67,17.69,0.113
2024-07-17 20:46:59+00:00,usd_mxn,17.67,17.69,0.113
2024-07-17 20:47:00+00:00,usd_mxn,17.67,17.69,0.113
2024-07-17 20:47:01+00:00,usd_mxn,17.67,17.69,0.113
2024-07-17 20:47:02+00:00,usd_mxn,17.67,17.69,0.113
2024-07-17 20:47:03+00:00,usd_mxn,17.67,17.69,0.113
2024-07-17 20:47:04+00:00,usd_mxn,17.67,17.69,0.113
2024-07-17 20:47:05+00:00,usd_mxn,17.67,17.69,0.113
2024-07-17 20:47:06+00:00,usd_mxn,17.67,17.69,0.113
2024-07-17 20:47:07+00:00,usd_mxn,17.67,17.69,0.113
2024-07-17 20:47:08+00:00,usd_mxn,17.67,17.69,0.113
2024-07-17 20:47:09+00:00,usd_mxn,17.67,17.69,0.113
2024-07-17 20:47:10+00:00,usd_mxn,17.67,17.69,0.113
2024-07-17 20:47:11+00:00,usd_mxn,17.67,17.69,0.113
2024-07-17 20:47:12+00:00,usd_mxn,17.67,17.69,0.113
2024-07-17 20:47:13+00:00,usd_mxn,17.67,17.69,0.113
2024-07-17 20:47:14+00:00,usd_mxn,17.67,17.69,0.113
2024-07-17 20:47:15+00:00,usd_mxn,17.67,17.69,0.113
2024-07-17 20:47:16+00:00,usd_mxn,17.67,17.69,0.113
2024-07-17 20:47:17+00:00,usd_mxn,17.67,17.69,0.113
2024-07-17 20:47:18+00:00,usd_mxn,17.67,17.69,0.113
2024-07-17 20:47:19+00:00,usd_mxn,17.67,17.69,0.113
2024-07-17 20:47:20+00:00,usd_mxn,17.67,17.69,0.113
2024-07-17 20:47:21+00:00,usd_mxn,17.67,17.69,0.113
2024-07-17 20:47:22+00:00,usd_mxn,17.67,17.69,0.113
2024-07-17 20:47:23+00:00,usd_mxn,17.67,17.69,0.113
2024-07-17 20:47:24+00:00,usd_mxn,17.67,17.69,0.113
2024-07-17 20:47:25+00:00,usd_mxn,17.67,17.69,0.113
2024-07-17 20:47:26+00:00,usd_mxn,17.67,17.69,0.113
2024-07-17 20:47:28+00:00,usd_mxn,17.67,17.69,0.113
2024-07-17 20:47:29+00:00,usd_mxn,17.67,17.69,0.113
2024-07-17 20:47:30+00:00,usd_mxn,17.67,17.69,0.113
2024-07-17 20:47:31+00:00,usd_mxn,17.67,17.69,0.113
2024-07-17 20:47:32+00:00,usd_mxn,17.67,17.69,0.113
2024-07-17 20:47:33+00:00,usd_mxn,17.67,17.69,0.113
2024-07-17 20:47:34+00:00,usd_mxn,17.67,17.69,0.113
2024-07-17 20:47:35+00:00,usd_mxn,17.67,17.69,0.113
2024-07-17 20:47:36+00:00,usd_mxn,17.67,17.69,0.113
2024-07-17 20:47:37+00:00,usd_mxn,17.67,17.69,0.113
2024-07-17 20:47:38+00:00,usd_mxn,17.67,17.69,0.113
2024-07-17 20:47:39+00:00,usd_mxn,17.67,17.69,0.113
2024-07-17 20:47:40+00:00,usd_mxn,17.67,17.69,0.113
2024-07-17 20:47:41+00:00,usd_mxn,17.67,17.69,0.113
2024-07-17 20:47:42+00:00,usd_mxn,17.67,17.69,0.113
2024-07-17 20:47:43+00:00,usd_mxn,17.67,17.69,0.113
2024-07-17 20:47:44+00:00,usd_mxn,17.67,17.69,0.113
2024-07-17 20:47:45+00:00,usd_mxn,17.67,17.69,0.113
2024-07-17 20:47:46+00:00,usd_mxn,17.67,17.69,0.113
2024-07-17 20:47:47+00:00,usd_mxn,17.67,17.69,0.113
2024-07-17 20:47:48+00:00,usd_mxn,17.67,17.69,0.113
2024-07-17 20:47:49+00:00,usd_mxn,17.67,17.69,0.113
2024-07-17 20:47:50+00:00,usd_mxn,17.67,17.69,0.113
2024-07-17 20:47:51+00:00,usd_mxn,17.67,17.69,0.113
2024-07-17 20:47:52+00:00,usd_mxn,17.67,17.69,0.113
2024-07-17 20:47:53+00:00,usd_mxn,17.67,17.69,0.113
2024-07-17 20:47:54+00:00,usd_mxn,17.67,17.69,0.113
2024-07-17 20:47:55+00:00,usd_mxn,17.67,17.69,0.113
2024-07-17 20:47:57+00:00,usd_mxn,17.67,17.69,0.113
2024-07-17 20:47:58+00:00,usd_mxn,17.67,17.69,0.113
2024-07-17 20:47:59+00:00,usd_mxn,17.67,17.69,0.113
2024-07-17 20:48:00+00:00,usd_mxn,17.67,17.69,0.113
2024-07-17 20:48:01+00:00,usd_mxn,17.67,17.69,0.113
2024-07-17 20:48:02+00:00,usd_mxn,17.67,17.69,0.113
2024-07-17 20:48:03+00:00,usd_mxn,17.67,17.69,0.113
2024-07-17 20:48:04+00:00,usd_mxn,17.67,17.69,0.113
2024-07-17 20:48:05+00:00,usd_mxn,17.67,17.69,0.113
2024-07-17 20:48:06+00:00,usd_mxn,17.67,17.69,0.113
2024-07-17 20:48:07+00:00,usd_mxn,17.67,17.69,0.113
2024-07-17 20:48:08+00:00,usd_mxn,17.67,17.69,0.113
2024-07-17 20:48:09+00:00,usd_mxn,17.67,17.69,0.113
2024-07-17 20:48:10+00:00,usd_mxn,17.67,17.69,0.113
2024-07-17 20:48:11+00:00,usd_mxn,17.67,17.69,0.113
2024-07-17 20:48:12+00:00,usd_mxn,17.67,17.69,0.113
2024-07-17 20:48:13+00:00,usd_mxn,17.67,17.69,0.113
2024-07-17 20:48:14+00:00,usd_mxn,17.67,17.69,0.113
2024-07-17 20:48:15+00:00,usd_mxn,17.67,17.69,0.113
2024-07-17 20:48:16+00:00,usd_mxn,17.67,17.69,0.113
2024-07-17 20:48:17+00:00,usd_mxn,17.67,17.69,0.113
2024-07-17 20:48:18+00:00,usd_mxn,17.67,17.69,0.113
2024-07-17 20:48:19+00:00,usd_mxn,17.67,17.69,0.113
2024-07-17 20:48:20+00:00,usd_mxn,17.67,17.69,0.113
2024-07-17 20:48:21+00:00,usd_mxn,17.67,17.69,0.113
2024-07-17 20:48:22+00:00,usd_mxn,17.67,17.69,0.113
2024-07-17 20:48:23+00:00,usd_mxn,17.67,17.69,0.113
2024-07-17 20:48:25+00:00,usd_mxn,17.67,17.69,0.113
2024-07-17 20:48:26+00:00,usd_mxn,17.67,17.69,0.113
2024-07-17 20:48:27+00:00,usd_mxn,17.67,17.69,0.113
2024-07-17 20:48:29+00:00,usd_mxn,17.67,17.69,0.113
2024-07-17 20:48:30+00:00,usd_mxn,17.67,17.69,0.113
2024-07-17 20:48:31+00:00,usd_mxn,17.67,17.69,0.113
2024-07-17 20:48:32+00:00,usd_mxn,17.67,17.69,0.113
2024-07-17 20:48:33+00:00,usd_mxn,17.67,17.69,0.113
2024-07-17 20:48:34+00:00,usd_mxn,17.67,17.69,0.113
2024-07-17 20:48:35+00:00,usd_mxn,17.67,17.69,0.113
2024-07-17 20:48:36+00:00,usd_mxn,17.67,17.69,0.113
2024-07-17 20:48:37+00:00,usd_mxn,17.67,17.69,0.113
2024-07-17 20:48:38+00:00,usd_mxn,17.67,17.69,0.113
2024-07-17 20:48:39+00:00,usd_mxn,17.67,17.69,0.113
2024-07-17 20:48:40+00:00,usd_mxn,17.67,17.69,0.113
2024-07-17 20:48:41+00:00,usd_mxn,17.67,17.69,0.113
2024-07-17 20:48:42+00:00,usd_mxn,17.67,17.69,0.113
2024-07-17 20:48:43+00:00,usd_mxn,17.67,17.69,0.113
2024-07-17 20:48:44+00:00,usd_mxn,17.67,17.69,0.113
2024-07-17 20:48:45+00:00,usd_mxn,17.67,17.69,0.113
2024-07-17 20:48:46+00:00,usd_mxn,17.67,17.69,0.113
2024-07-17 20:48:47+00:00,usd_mxn,17.67,17.69,0.113
2024-07-17 20:48:48+00:00,usd_mxn,17.67,17.69,0.113
2024-07-17 20:48:49+00:00,usd_mxn,17.67,17.69,0.113
2024-07-17 20:48:50+00:00,usd_mxn,17.67,17.69,0.113
2024-07-17 20:48:51+00:00,usd_mxn,17.67,17.69,0.113
2024-07-17 20:48:52+00:00,usd_mxn,17.67,17.69,0.113
2024-07-17 20:48:53+00:00,usd_mxn,17.67,17.69,0.113
2024-07-17 20:48:54+00:00,usd_mxn,17.67,17.69,0.113
2024-07-17 20:48:55+00:00,usd_mxn,17.67,17.69,0.113
2024-07-17 20:48:56+00:00,usd_mxn,17.67,17.69,0.113
2024-07-17 20:48:57+00:00,usd_mxn,17.67,17.69,0.113
2024-07-17 20:48:58+00:00,usd_mxn,17.67,17.69,0.113
2024-07-17 20:48:59+00:00,usd_mxn,17.67,17.69,0.113
2024-07-17 20:49:00+00:00,usd_mxn,17.67,17.69,0.113
2024-07-17 20:49:01+00:00,usd_mxn,17.67,17.69,0.113
2024-07-17 20:49:02+00:00,usd_mxn,17.67,17.69,0.113
2024-07-17 20:49:03+00:00,usd_mxn,17.67,17.69,0.113
2024-07-17 20:49:04+00:00,usd_mxn,17.67,17.69,0.113
2024-07-17 20:49:05+00:00,usd_mxn,17.67,17.69,0.113
2024-07-17 20:49:06+00:00,usd_mxn,17.67,17.69,0.113
2024-07-17 20:49:07+00:00,usd_mxn,17.67,17.69,0.113
2024-07-17 20:49:08+00:00,usd_mxn,17.67,17.69,0.113
2024-07-17 20:49:09+00:00,usd_mxn,17.67,17.69,0.113
2024-07-17 20:49:10+00:00,usd_mxn,17.67,17.69,0.113
2024-07-17 20:49:11+00:00,usd_mxn,17.67,17.69,0.113
2024-07-17 20:49:12+00:00,usd_mxn,17.67,17.69,0.113
2024-07-17 20:49:14+00:00,usd_mxn,17.67,17.69,0.113
2024-07-17 20:49:15+00:00,usd_mxn,17.67,17.69,0.113
2024-07-17 20:49:16+00:00,usd_mxn,17.67,17.69,0.113
2024-07-17 20:49:17+00:00,usd_mxn,17.67,17.69,0.113
2024-07-17 20:49:18+00:00,usd_mxn,17.67,17.69,0.113
2024-07-17 20:49:19+00:00,usd_mxn,17.67,17.69,0.113
2024-07-17 20:49:20+00:00,usd_mxn,17.67,17.69,0.113
2024-07-17 20:49:21+00:00,usd_mxn,17.67,17.69,0.113
2024-07-17 20:49:22+00:00,usd_mxn,17.67,17.69,0.113
2024-07-17 20:49:23+00:00,usd_mxn,17.67,17.69,0.113
2024-07-17 20:49:24+00:00,usd_mxn,17.67,17.69,0.113
2024-07-17 20:49:25+00:00,usd_mxn,17.67,17.69,0.113
2024-07-17 20:49:26+00:00,usd_mxn,17.67,17.69,0.113
2024-07-17 20:49:27+00:00,usd_mxn,17.67,17.69,0.113
2024-07-17 20:49:28+00:00,usd_mxn,17.67,17.69,0.113
2024-07-17 20:49:29+00:00,usd_mxn,17.67,17.69,0.113
2024-07-17 20:49:30+00:00,usd_mxn,17.67,17.69,0.113
2024-07-17 20:49:31+00:00,usd_mxn,17.67,17.69,0.113
2024-07-17 20:49:32+00:00,usd_mxn,17.67,17.69,0.113
2024-07-17 20:49:33+00:00,usd_mxn,17.67,17.69,0.113
2024-07-17 20:49:34+00:00,usd_mxn,17.67,17.69,0.113
2024-07-17 20:49:35+00:00,usd_mxn,17.67,17.69,0.113
2024-07-17 20:49:36+00:00,usd_mxn,17.67,17.69,0.113
2024-07-17 20:49:37+00:00,usd_mxn,17.67,17.69,0.113
2024-07-17 20:49:38+00:00,usd_mxn,17.67,17.69,0.113
2024-07-17 20:49:39+00:00,usd_mxn,17.67,17.69,0.113
2024-07-17 20:49:40+00:00,usd_mxn,17.67,17.69,0.113
2024-07-17 20:49:41+00:00,usd_mxn,17.67,17.69,0.113
2024-07-17 20:49:42+00:00,usd_mxn,17.67,17.69,0.113
2024-07-17 20:49:43+00:00,usd_mxn,17.67,17.69,0.113
2024-07-17 20:49:44+00:00,usd_mxn,17.67,17.69,0.113
2024-07-17 20:49:45+00:00,usd_mxn,17.67,17.69,0.113
2024-07-17 20:49:46+00:00,usd_mxn,17.67,17.69,0.113
2024-07-17 20:49:47+00:00,usd_mxn,17.67,17.69,0.113
2024-07-17 20:49:48+00:00,usd_mxn,17.67,17.69,0.113
2024-07-17 20:49:49+00:00,usd_mxn,17.67,17.69,0.113
2024-07-17 20:49:50+00:00,usd_mxn,17.67,17.69,0.113
2024-07-17 20:49:51+00:00,usd_mxn,17.67,17.69,0.113
2024-07-17 20:49:52+00:00,usd_mxn,17.67,17.69,0.113
2024-07-17 20:49:53+00:00,usd_mxn,17.67,17.69,0.113
2024-07-17 20:49:54+00:00,usd_mxn,17.67,17.69,0.113
2024-07-17 20:49:55+00:00,usd_mxn,17.67,17.69,0.113
2024-07-17 20:49:56+00:00,usd_mxn,17.67,17.69,0.113
2024-07-17 20:49:57+00:00,usd_mxn,17.67,17.69,0.113
2024-07-17 20:49:58+00:00,usd_mxn,17.67,17.69,0.113
2024-07-17 20:49:59+00:00,usd_mxn,17.67,17.69,0.113
2024-07-17 20:50:01+00:00,usd_mxn,17.67,17.69,0.113
2024-07-17 20:50:02+00:00,usd_mxn,17.67,17.69,0.113
2024-07-17 20:50:03+00:00,usd_mxn,17.67,17.69,0.113
2024-07-17 20:50:04+00:00,usd_mxn,17.67,17.69,0.113
2024-07-17 20:50:05+00:00,usd_mxn,17.67,17.69,0.113
2024-07-17 20:50:06+00:00,usd_mxn,17.67,17.69,0.113
2024-07-17 20:50:08+00:00,usd_mxn,17.67,17.69,0.113
2024-07-17 20:50:08+00:00,usd_mxn,17.67,17.69,0.113
2024-07-17 20:50:09+00:00,usd_mxn,17.67,17.69,0.113
2024-07-17 20:50:10+00:00,usd_mxn,17.67,17.69,0.113
2024-07-17 20:50:11+00:00,usd_mxn,17.67,17.69,0.113
2024-07-17 20:50:12+00:00,usd_mxn,17.67,17.69,0.113
2024-07-17 20:50:13+00:00,usd_mxn,17.67,17.69,0.113
2024-07-17 20:50:14+00:00,usd_mxn,17.67,17.69,0.113
2024-07-17 20:50:16+00:00,usd_mxn,17.67,17.69,0.113
2024-07-17 20:50:17+00:00,usd_mxn,17.67,17.69,0.113
2024-07-17 20:50:18+00:00,usd_mxn,17.67,17.69,0.113
2024-07-17 20:50:19+00:00,usd_mxn,17.67,17.69,0.113
2024-07-17 20:50:20+00:00,usd_mxn,17.67,17.69,0.113
2024-07-17 20:50:21+00:00,usd_mxn,17.67,17.69,0.113
2024-07-17 20:50:22+00:00,usd_mxn,17.67,17.69,0.113
2024-07-17 20:50:23+00:00,usd_mxn,17.67,17.69,0.113
2024-07-17 20:50:24+00:00,usd_mxn,17.67,17.69,0.113
2024-07-17 20:50:25+00:00,usd_mxn,17.67,17.69,0.113
2024-07-17 20:50:26+00:00,usd_mxn,17.67,17.69,0.113
2024-07-17 20:50:27+00:00,usd_mxn,17.67,17.69,0.113
2024-07-17 20:50:28+00:00,usd_mxn,17.67,17.69,0.113
2024-07-17 20:50:29+00:00,usd_mxn,17.67,17.69,0.113
2024-07-17 20:50:30+00:00,usd_mxn,17.67,17.69,0.113
2024-07-17 20:50:31+00:00,usd_mxn,17.67,17.69,0.113
2024-07-17 20:50:32+00:00,usd_mxn,17.67,17.69,0.113
2024-07-17 20:50:33+00:00,usd_mxn,17.67,17.69,0.113
2024-07-17 20:50:34+00:00,usd_mxn,17.67,17.69,0.113
2024-07-17 20:50:35+00:00,usd_mxn,17.67,17.69,0.113
2024-07-17 20:50:36+00:00,usd_mxn,17.67,17.69,0.113
2024-07-17 20:50:37+00:00,usd_mxn,17.67,17.69,0.113
2024-07-17 20:50:38+00:00,usd_mxn,17.67,17.69,0.113
2024-07-17 20:50:39+00:00,usd_mxn,17.67,17.69,0.113
2024-07-17 20:50:40+00:00,usd_mxn,17.67,17.69,0.113
2024-07-17 20:50:41+00:00,usd_mxn,17.67,17.69,0.113
2024-07-17 20:50:42+00:00,usd_mxn,17.67,17.69,0.113
2024-07-17 20:50:43+00:00,usd_mxn,17.67,17.69,0.113
2024-07-17 20:50:44+00:00,usd_mxn,17.67,17.69,0.113
2024-07-17 20:50:45+00:00,usd_mxn,17.67,17.69,0.113
2024-07-17 20:50:46+00:00,usd_mxn,17.67,17.69,0.113
2024-07-17 20:50:47+00:00,usd_mxn,17.67,17.69,0.113
2024-07-17 20:50:48+00:00,usd_mxn,17.67,17.69,0.113
2024-07-17 20:50:49+00:00,usd_mxn,17.67,17.69,0.113
2024-07-17 20:50:50+00:00,usd_mxn,17.67,17.69,0.113
2024-07-17 20:50:51+00:00,usd_mxn,17.67,17.69,0.113
2024-07-17 20:50:52+00:00,usd_mxn,17.67,17.69,0.113
2024-07-17 20:50:53+00:00,usd_mxn,17.67,17.69,0.113
2024-07-17 20:50:54+00:00,usd_mxn,17.67,17.69,0.113
2024-07-17 20:50:55+00:00,usd_mxn,17.67,17.69,0.113
2024-07-17 20:50:56+00:00,usd_mxn,17.67,17.69,0.113
2024-07-17 20:50:57+00:00,usd_mxn,17.67,17.69,0.113
2024-07-17 20:50:58+00:00,usd_mxn,17.67,17.69,0.113
2024-07-17 20:50:59+00:00,usd_mxn,17.67,17.69,0.113
2024-07-17 20:51:00+00:00,usd_mxn,17.67,17.69,0.113
2024-07-17 20:51:01+00:00,usd_mxn,17.67,17.69,0.113
2024-07-17 20:51:02+00:00,usd_mxn,17.67,17.69,0.113
2024-07-17 20:51:03+00:00,usd_mxn,17.67,17.69,0.113
2024-07-17 20:51:04+00:00,usd_mxn,17.67,17.69,0.113
2024-07-17 20:51:05+00:00,usd_mxn,17.67,17.69,0.113
2024-07-17 20:51:06+00:00,usd_mxn,17.67,17.69,0.113
2024-07-17 20:51:07+00:00,usd_mxn,17.67,17.69,0.113
2024-07-17 20:51:09+00:00,usd_mxn,17.67,17.69,0.113
2024-07-17 20:51:10+00:00,usd_mxn,17.67,17.69,0.113
2024-07-17 20:51:11+00:00,usd_mxn,17.67,17.69,0.113
2024-07-17 20:51:12+00:00,usd_mxn,17.67,17.69,0.113
2024-07-17 20:51:13+00:00,usd_mxn,17.67,17.69,0.113
2024-07-17 20:51:14+00:00,usd_mxn,17.67,17.69,0.113
2024-07-17 20:51:15+00:00,usd_mxn,17.67,17.69,0.113
2024-07-17 20:51:16+00:00,usd_mxn,17.67,17.69,0.113
2024-07-17 20:51:17+00:00,usd_mxn,17.67,17.69,0.113
2024-07-17 20:51:18+00:00,usd_mxn,17.67,17.69,0.113
2024-07-17 20:51:19+00:00,usd_mxn,17.67,17.69,0.113
2024-07-17 20:51:20+00:00,usd_mxn,17.67,17.69,0.113
2024-07-17 20:51:21+00:00,usd_mxn,17.67,17.69,0.113
2024-07-17 20:51:22+00:00,usd_mxn,17.67,17.69,0.113
2024-07-17 20:51:23+00:00,usd_mxn,17.67,17.69,0.113
2024-07-17 20:51:24+00:00,usd_mxn,17.67,17.69,0.113
2024-07-17 20:51:25+00:00,usd_mxn,17.67,17.69,0.113
2024-07-17 20:51:26+00:00,usd_mxn,17.67,17.69,0.113
2024-07-17 20:51:27+00:00,usd_mxn,17.67,17.69,0.113
2024-07-17 20:51:28+00:00,usd_mxn,17.67,17.69,0.113
2024-07-17 20:51:29+00:00,usd_mxn,17.67,17.69,0.113
2024-07-17 20:51:30+00:00,usd_mxn,17.67,17.69,0.113
2024-07-17 20:51:31+00:00,usd_mxn,17.67,17.69,0.113
2024-07-17 20:51:32+00:00,usd_mxn,17.67,17.69,0.113
2024-07-17 20:51:33+00:00,usd_mxn,17.67,17.69,0.113
2024-07-17 20:51:34+00:00,usd_mxn,17.67,17.69,0.113
2024-07-17 20:51:35+00:00,usd_mxn,17.67,17.69,0.113
2024-07-17 20:51:36+00:00,usd_mxn,17.67,17.69,0.113
2024-07-17 20:51:37+00:00,usd_mxn,17.67,17.69,0.113
2024-07-17 20:51:38+00:00,usd_mxn,17.67,17.69,0.113
2024-07-17 20:51:39+00:00,usd_mxn,17.67,17.69,0.113
2024-07-17 20:51:40+00:00,usd_mxn,17.67,17.69,0.113
2024-07-17 20:51:41+00:00,usd_mxn,17.67,17.69,0.113
2024-07-17 20:51:42+00:00,usd_mxn,17.67,17.69,0.113
2024-07-17 20:51:43+00:00,usd_mxn,17.67,17.69,0.113
2024-07-17 20:51:44+00:00,usd_mxn,17.67,17.69,0.113
2024-07-17 20:51:45+00:00,usd_mxn,17.67,17.69,0.113
2024-07-17 20:51:46+00:00,usd_mxn,17.67,17.69,0.113
2024-07-17 20:51:47+00:00,usd_mxn,17.67,17.69,0.113
2024-07-17 20:51:48+00:00,usd_mxn,17.67,17.69,0.113
2024-07-17 20:51:49+00:00,usd_mxn,17.67,17.69,0.113
2024-07-17 20:51:50+00:00,usd_mxn,17.67,17.69,0.113
2024-07-17 20:51:51+00:00,usd_mxn,17.67,17.69,0.113
2024-07-17 20:51:52+00:00,usd_mxn,17.67,17.69,0.113
2024-07-17 20:51:53+00:00,usd_mxn,17.67,17.69,0.113
2024-07-17 20:51:54+00:00,usd_mxn,17.67,17.69,0.113
2024-07-17 20:51:55+00:00,usd_mxn,17.67,17.69,0.113
2024-07-17 20:51:56+00:00,usd_mxn,17.67,17.69,0.113
2024-07-17 20:51:57+00:00,usd_mxn,17.67,17.69,0.113
2024-07-17 20:51:59+00:00,usd_mxn,17.67,17.69,0.113
2024-07-17 20:51:59+00:00,usd_mxn,17.67,17.69,0.113
2024-07-17 20:52:01+00:00,usd_mxn,17.67,17.69,0.113
2024-07-17 20:52:02+00:00,usd_mxn,17.67,17.69,0.113
2024-07-17 20:52:03+00:00,usd_mxn,17.67,17.69,0.113
2024-07-17 20:52:04+00:00,usd_mxn,17.67,17.69,0.113
2024-07-17 20:52:05+00:00,usd_mxn,17.67,17.69,0.113
2024-07-17 20:52:06+00:00,usd_mxn,17.67,17.69,0.113
2024-07-17 20:52:07+00:00,usd_mxn,17.67,17.69,0.113
2024-07-17 20:52:08+00:00,usd_mxn,17.67,17.69,0.113
2024-07-17 20:52:09+00:00,usd_mxn,17.67,17.69,0.113
2024-07-17 20:52:10+00:00,usd_mxn,17.67,17.69,0.113
2024-07-17 20:52:11+00:00,usd_mxn,17.67,17.69,0.113
2024-07-17 20:52:12+00:00,usd_mxn,17.67,17.69,0.113
2024-07-17 20:52:13+00:00,usd_mxn,17.67,17.69,0.113
2024-07-17 20:52:14+00:00,usd_mxn,17.67,17.69,0.113
2024-07-17 20:52:15+00:00,usd_mxn,17.67,17.69,0.113
2024-07-17 20:52:16+00:00,usd_mxn,17.67,17.69,0.113
2024-07-17 20:52:17+00:00,usd_mxn,17.67,17.69,0.113
2024-07-17 20:52:18+00:00,usd_mxn,17.67,17.69,0.113
2024-07-17 20:52:19+00:00,usd_mxn,17.67,17.69,0.113
2024-07-17 20:52:20+00:00,usd_mxn,17.67,17.69,0.113
2024-07-17 20:52:21+00:00,usd_mxn,17.67,17.69,0.113
2024-07-17 20:52:22+00:00,usd_mxn,17.67,17.69,0.113
2024-07-17 20:52:23+00:00,usd_mxn,17.67,17.69,0.113
2024-07-17 20:52:24+00:00,usd_mxn,17.67,17.69,0.113
2024-07-17 20:52:25+00:00,usd_mxn,17.67,17.69,0.113
2024-07-17 20:52:26+00:00,usd_mxn,17.67,17.69,0.113
2024-07-17 20:52:27+00:00,usd_mxn,17.67,17.69,0.113
2024-07-17 20:52:28+00:00,usd_mxn,17.67,17.69,0.113
2024-07-17 20:52:29+00:00,usd_mxn,17.67,17.69,0.113
2024-07-17 20:52:30+00:00,usd_mxn,17.67,17.69,0.113
2024-07-17 20:52:31+00:00,usd_mxn,17.67,17.69,0.113
2024-07-17 20:52:32+00:00,usd_mxn,17.67,17.69,0.113
2024-07-17 20:52:33+00:00,usd_mxn,17.67,17.69,0.113
2024-07-17 20:52:34+00:00,usd_mxn,17.67,17.69,0.113
2024-07-17 20:52:35+00:00,usd_mxn,17.67,17.69,0.113
2024-07-17 20:52:36+00:00,usd_mxn,17.67,17.69,0.113
2024-07-17 20:52:37+00:00,usd_mxn,17.67,17.69,0.113
2024-07-17 20:52:38+00:00,usd_mxn,17.67,17.69,0.113
2024-07-17 20:52:39+00:00,usd_mxn,17.67,17.69,0.113
2024-07-17 20:52:40+00:00,usd_mxn,17.67,17.69,0.113
2024-07-17 20:52:41+00:00,usd_mxn,17.67,17.69,0.113
2024-07-17 20:52:42+00:00,usd_mxn,17.67,17.69,0.113
2024-07-17 20:52:43+00:00,usd_mxn,17.67,17.69,0.113
2024-07-17 20:52:44+00:00,usd_mxn,17.67,17.69,0.113
2024-07-17 20:52:45+00:00,usd_mxn,17.67,17.69,0.113
2024-07-17 20:52:46+00:00,usd_mxn,17.67,17.69,0.113
2024-07-17 20:52:47+00:00,usd_mxn,17.67,17.69,0.113
2024-07-17 20:52:48+00:00,usd_mxn,17.67,17.69,0.113
2024-07-17 20:52:49+00:00,usd_mxn,17.67,17.69,0.113
2024-07-17 20:52:50+00:00,usd_mxn,17.67,17.69,0.113
2024-07-17 20:52:51+00:00,usd_mxn,17.67,17.69,0.113
2024-07-17 20:52:52+00:00,usd_mxn,17.67,17.69,0.113
2024-07-17 20:52:53+00:00,usd_mxn,17.67,17.69,0.113
2024-07-17 20:52:55+00:00,usd_mxn,17.67,17.69,0.113
2024-07-17 20:52:56+00:00,usd_mxn,17.67,17.69,0.113
2024-07-17 20:52:57+00:00,usd_mxn,17.67,17.69,0.113
2024-07-17 20:52:58+00:00,usd_mxn,17.67,17.69,0.113
2024-07-17 20:52:59+00:00,usd_mxn,17.67,17.69,0.113
2024-07-17 20:53:00+00:00,usd_mxn,17.67,17.69,0.113
2024-07-17 20:53:01+00:00,usd_mxn,17.67,17.69,0.113
2024-07-17 20:53:02+00:00,usd_mxn,17.67,17.69,0.113
2024-07-17 20:53:03+00:00,usd_mxn,17.67,17.69,0.113
2024-07-17 20:53:04+00:00,usd_mxn,17.67,17.69,0.113
2024-07-17 20:53:05+00:00,usd_mxn,17.67,17.69,0.113
2024-07-17 20:53:06+00:00,usd_mxn,17.67,17.69,0.113
2024-07-17 20:53:07+00:00,usd_mxn,17.67,17.69,0.113
2024-07-17 20:53:08+00:00,usd_mxn,17.67,17.69,0.113
2024-07-17 20:53:09+00:00,usd_mxn,17.67,17.69,0.113
2024-07-17 20:53:10+00:00,usd_mxn,17.67,17.69,0.113
2024-07-17 20:53:11+00:00,usd_mxn,17.67,17.69,0.113
2024-07-17 20:53:12+00:00,usd_mxn,17.67,17.69,0.113
2024-07-17 20:53:13+00:00,usd_mxn,17.67,17.69,0.113
2024-07-17 20:53:14+00:00,usd_mxn,17.67,17.69,0.113
2024-07-17 20:53:15+00:00,usd_mxn,17.67,17.69,0.113
2024-07-17 20:53:16+00:00,usd_mxn,17.67,17.69,0.113
2024-07-17 20:53:17+00:00,usd_mxn,17.67,17.69,0.113
2024-07-17 20:53:18+00:00,usd_mxn,17.67,17.69,0.113
2024-07-17 20:53:19+00:00,usd_mxn,17.67,17.69,0.113
2024-07-17 20:53:20+00:00,usd_mxn,17.67,17.69,0.113
2024-07-17 20:53:21+00:00,usd_mxn,17.67,17.69,0.113
2024-07-17 20:53:22+00:00,usd_mxn,17.67,17.69,0.113
2024-07-17 20:53:23+00:00,usd_mxn,17.67,17.69,0.113
2024-07-17 20:53:24+00:00,usd_mxn,17.67,17.69,0.113
2024-07-17 20:53:25+00:00,usd_mxn,17.67,17.69,0.113
2024-07-17 20:53:26+00:00,usd_mxn,17.67,17.69,0.113
2024-07-17 20:53:28+00:00,usd_mxn,17.67,17.69,0.113
2024-07-17 20:53:29+00:00,usd_mxn,17.67,17.69,0.113
2024-07-17 20:53:30+00:00,usd_mxn,17.67,17.69,0.113
2024-07-17 20:53:31+00:00,usd_mxn,17.67,17.69,0.113
2024-07-17 20:53:32+00:00,usd_mxn,17.67,17.69,0.113
2024-07-17 20:53:33+00:00,usd_mxn,17.67,17.69,0.113
2024-07-17 20:53:34+00:00,usd_mxn,17.67,17.69,0.113
2024-07-17 20:53:35+00:00,usd_mxn,17.67,17.69,0.113
2024-07-17 20:53:36+00:00,usd_mxn,17.67,17.69,0.113
2024-07-17 20:53:37+00:00,usd_mxn,17.67,17.69,0.113
2024-07-17 20:53:38+00:00,usd_mxn,17.67,17.69,0.113
2024-07-17 20:53:39+00:00,usd_mxn,17.67,17.69,0.113
2024-07-17 20:53:40+00:00,usd_mxn,17.67,17.69,0.113
2024-07-17 20:53:41+00:00,usd_mxn,17.67,17.69,0.113
2024-07-17 20:53:42+00:00,usd_mxn,17.67,17.69,0.113
2024-07-17 20:53:43+00:00,usd_mxn,17.67,17.69,0.113
2024-07-17 20:53:44+00:00,usd_mxn,17.67,17.69,0.113
2024-07-17 20:53:45+00:00,usd_mxn,17.67,17.69,0.113
2024-07-17 20:53:46+00:00,usd_mxn,17.67,17.69,0.113
2024-07-17 20:53:47+00:00,usd_mxn,17.67,17.69,0.113
2024-07-17 20:53:48+00:00,usd_mxn,17.67,17.69,0.113
2024-07-17 20:53:49+00:00,usd_mxn,17.67,17.69,0.113
2024-07-17 20:53:50+00:00,usd_mxn,17.67,17.69,0.113
2024-07-17 20:53:51+00:00,usd_mxn,17.67,17.69,0.113
2024-07-17 20:53:52+00:00,usd_mxn,17.67,17.69,0.113
2024-07-17 20:53:53+00:00,usd_mxn,17.67,17.69,0.113
2024-07-17 20:53:54+00:00,usd_mxn,17.67,17.69,0.113
2024-07-17 20:53:55+00:00,usd_mxn,17.67,17.69,0.113
2024-07-17 20:53:56+00:00,usd_mxn,17.67,17.69,0.113
