orderbook_timestamp,book,bid,ask,spread
2024-07-17 00:23:54+00:00,usd_mxn,17.64,17.65,0.057
2024-07-17 00:23:55+00:00,usd_mxn,17.64,17.65,0.057
2024-07-17 00:23:56+00:00,usd_mxn,17.64,17.65,0.057
2024-07-17 00:23:57+00:00,usd_mxn,17.64,17.65,0.057
2024-07-17 00:23:58+00:00,usd_mxn,17.64,17.65,0.057
2024-07-17 00:23:59+00:00,usd_mxn,17.64,17.65,0.057
2024-07-17 00:24:00+00:00,usd_mxn,17.64,17.65,0.057
2024-07-17 00:24:01+00:00,usd_mxn,17.64,17.65,0.057
2024-07-17 00:24:02+00:00,usd_mxn,17.64,17.65,0.057
2024-07-17 00:24:03+00:00,usd_mxn,17.64,17.65,0.057
2024-07-17 00:24:04+00:00,usd_mxn,17.64,17.65,0.057
2024-07-17 00:24:05+00:00,usd_mxn,17.64,17.65,0.057
2024-07-17 00:24:06+00:00,usd_mxn,17.64,17.65,0.057
2024-07-17 00:24:07+00:00,usd_mxn,17.64,17.65,0.057
2024-07-17 00:24:08+00:00,usd_mxn,17.64,17.65,0.057
2024-07-17 00:24:09+00:00,usd_mxn,17.64,17.65,0.057
2024-07-17 00:24:10+00:00,usd_mxn,17.64,17.65,0.057
2024-07-17 00:24:11+00:00,usd_mxn,17.64,17.65,0.057
2024-07-17 00:24:12+00:00,usd_mxn,17.64,17.65,0.057
2024-07-17 00:24:13+00:00,usd_mxn,17.64,17.65,0.057
2024-07-17 00:24:14+00:00,usd_mxn,17.64,17.65,0.057
2024-07-17 00:24:15+00:00,usd_mxn,17.64,17.65,0.057
2024-07-17 00:24:16+00:00,usd_mxn,17.64,17.65,0.057
2024-07-17 00:24:17+00:00,usd_mxn,17.64,17.65,0.057
2024-07-17 00:24:18+00:00,usd_mxn,17.64,17.65,0.057
2024-07-17 00:24:19+00:00,usd_mxn,17.64,17.65,0.057
2024-07-17 00:24:20+00:00,usd_mxn,17.64,17.65,0.057
2024-07-17 00:24:21+00:00,usd_mxn,17.64,17.65,0.057
2024-07-17 00:24:22+00:00,usd_mxn,17.64,17.65,0.057
2024-07-17 00:24:23+00:00,usd_mxn,17.64,17.65,0.057
2024-07-17 00:24:24+00:00,usd_mxn,17.64,17.65,0.057
2024-07-17 00:24:25+00:00,usd_mxn,17.64,17.65,0.057
2024-07-17 00:24:26+00:00,usd_mxn,17.64,17.65,0.057
2024-07-17 00:24:27+00:00,usd_mxn,17.64,17.65,0.057
2024-07-17 00:24:28+00:00,usd_mxn,17.64,17.65,0.057
2024-07-17 00:24:29+00:00,usd_mxn,17.64,17.65,0.057
2024-07-17 00:24:30+00:00,usd_mxn,17.64,17.65,0.057
2024-07-17 00:24:31+00:00,usd_mxn,17.64,17.65,0.057
2024-07-17 00:24:32+00:00,usd_mxn,17.64,17.65,0.057
2024-07-17 00:24:33+00:00,usd_mxn,17.64,17.65,0.057
2024-07-17 00:24:34+00:00,usd_mxn,17.64,17.65,0.057
2024-07-17 00:24:35+00:00,usd_mxn,17.64,17.65,0.057
2024-07-17 00:24:36+00:00,usd_mxn,17.64,17.65,0.057
2024-07-17 00:24:37+00:00,usd_mxn,17.64,17.65,0.057
2024-07-17 00:24:38+00:00,usd_mxn,17.64,17.65,0.057
2024-07-17 00:24:39+00:00,usd_mxn,17.64,17.65,0.057
2024-07-17 00:24:40+00:00,usd_mxn,17.64,17.65,0.057
2024-07-17 00:24:41+00:00,usd_mxn,17.64,17.65,0.057
2024-07-17 00:24:42+00:00,usd_mxn,17.64,17.65,0.057
2024-07-17 00:24:43+00:00,usd_mxn,17.64,17.65,0.057
2024-07-17 00:24:44+00:00,usd_mxn,17.64,17.65,0.057
2024-07-17 00:24:46+00:00,usd_mxn,17.64,17.65,0.057
2024-07-17 00:24:47+00:00,usd_mxn,17.64,17.65,0.057
2024-07-17 00:24:48+00:00,usd_mxn,17.64,17.65,0.057
2024-07-17 00:24:48+00:00,usd_mxn,17.64,17.65,0.057
2024-07-17 00:24:50+00:00,usd_mxn,17.64,17.65,0.057
2024-07-17 00:24:51+00:00,usd_mxn,17.64,17.65,0.057
2024-07-17 00:24:52+00:00,usd_mxn,17.64,17.65,0.057
2024-07-17 00:24:53+00:00,usd_mxn,17.64,17.65,0.057
2024-07-17 00:24:54+00:00,usd_mxn,17.64,17.65,0.057
2024-07-17 00:24:55+00:00,usd_mxn,17.64,17.65,0.057
2024-07-17 00:24:56+00:00,usd_mxn,17.64,17.65,0.057
2024-07-17 00:24:57+00:00,usd_mxn,17.64,17.65,0.057
2024-07-17 00:24:58+00:00,usd_mxn,17.64,17.65,0.057
2024-07-17 00:24:59+00:00,usd_mxn,17.64,17.65,0.057
2024-07-17 00:25:00+00:00,usd_mxn,17.64,17.65,0.057
2024-07-17 00:25:01+00:00,usd_mxn,17.64,17.65,0.057
2024-07-17 00:25:02+00:00,usd_mxn,17.64,17.65,0.057
2024-07-17 00:25:03+00:00,usd_mxn,17.64,17.65,0.057
2024-07-17 00:25:04+00:00,usd_mxn,17.64,17.65,0.057
2024-07-17 00:25:05+00:00,usd_mxn,17.64,17.65,0.057
2024-07-17 00:25:06+00:00,usd_mxn,17.64,17.65,0.057
2024-07-17 00:25:07+00:00,usd_mxn,17.64,17.65,0.057
2024-07-17 00:25:08+00:00,usd_mxn,17.64,17.65,0.057
2024-07-17 00:25:09+00:00,usd_mxn,17.64,17.65,0.057
2024-07-17 00:25:10+00:00,usd_mxn,17.64,17.65,0.057
2024-07-17 00:25:12+00:00,usd_mxn,17.64,17.65,0.057
2024-07-17 00:25:13+00:00,usd_mxn,17.64,17.65,0.057
2024-07-17 00:25:14+00:00,usd_mxn,17.64,17.65,0.057
2024-07-17 00:25:14+00:00,usd_mxn,17.64,17.65,0.057
2024-07-17 00:25:15+00:00,usd_mxn,17.64,17.65,0.057
2024-07-17 00:25:16+00:00,usd_mxn,17.64,17.65,0.057
2024-07-17 00:25:17+00:00,usd_mxn,17.64,17.65,0.057
2024-07-17 00:25:18+00:00,usd_mxn,17.64,17.65,0.057
2024-07-17 00:25:19+00:00,usd_mxn,17.64,17.65,0.057
2024-07-17 00:25:20+00:00,usd_mxn,17.64,17.65,0.057
2024-07-17 00:25:21+00:00,usd_mxn,17.64,17.65,0.057
2024-07-17 00:25:22+00:00,usd_mxn,17.64,17.65,0.057
2024-07-17 00:25:23+00:00,usd_mxn,17.64,17.65,0.057
2024-07-17 00:25:24+00:00,usd_mxn,17.64,17.65,0.057
2024-07-17 00:25:25+00:00,usd_mxn,17.64,17.65,0.057
2024-07-17 00:25:26+00:00,usd_mxn,17.64,17.65,0.057
2024-07-17 00:25:27+00:00,usd_mxn,17.64,17.65,0.057
2024-07-17 00:25:28+00:00,usd_mxn,17.64,17.65,0.057
2024-07-17 00:25:29+00:00,usd_mxn,17.64,17.65,0.057
2024-07-17 00:25:30+00:00,usd_mxn,17.64,17.65,0.057
2024-07-17 00:25:31+00:00,usd_mxn,17.64,17.65,0.057
2024-07-17 00:25:32+00:00,usd_mxn,17.64,17.65,0.057
2024-07-17 00:25:33+00:00,usd_mxn,17.64,17.65,0.057
2024-07-17 00:25:34+00:00,usd_mxn,17.64,17.65,0.057
2024-07-17 00:25:35+00:00,usd_mxn,17.64,17.65,0.057
2024-07-17 00:25:36+00:00,usd_mxn,17.64,17.65,0.057
2024-07-17 00:25:37+00:00,usd_mxn,17.64,17.65,0.057
2024-07-17 00:25:38+00:00,usd_mxn,17.64,17.65,0.057
2024-07-17 00:25:39+00:00,usd_mxn,17.64,17.65,0.057
2024-07-17 00:25:40+00:00,usd_mxn,17.64,17.65,0.057
2024-07-17 00:25:41+00:00,usd_mxn,17.64,17.65,0.057
2024-07-17 00:25:42+00:00,usd_mxn,17.64,17.65,0.057
2024-07-17 00:25:43+00:00,usd_mxn,17.64,17.65,0.057
2024-07-17 00:25:45+00:00,usd_mxn,17.64,17.65,0.057
2024-07-17 00:25:45+00:00,usd_mxn,17.64,17.65,0.057
2024-07-17 00:25:47+00:00,usd_mxn,17.64,17.65,0.057
2024-07-17 00:25:47+00:00,usd_mxn,17.64,17.65,0.057
2024-07-17 00:25:48+00:00,usd_mxn,17.64,17.65,0.057
2024-07-17 00:25:50+00:00,usd_mxn,17.64,17.65,0.057
2024-07-17 00:25:51+00:00,usd_mxn,17.64,17.65,0.057
2024-07-17 00:25:52+00:00,usd_mxn,17.64,17.65,0.057
2024-07-17 00:25:53+00:00,usd_mxn,17.64,17.65,0.057
2024-07-17 00:25:54+00:00,usd_mxn,17.64,17.65,0.057
2024-07-17 00:25:55+00:00,usd_mxn,17.64,17.65,0.057
2024-07-17 00:25:56+00:00,usd_mxn,17.64,17.65,0.057
2024-07-17 00:25:57+00:00,usd_mxn,17.64,17.65,0.057
2024-07-17 00:25:58+00:00,usd_mxn,17.64,17.65,0.057
2024-07-17 00:25:59+00:00,usd_mxn,17.64,17.65,0.057
2024-07-17 00:26:00+00:00,usd_mxn,17.64,17.65,0.057
2024-07-17 00:26:01+00:00,usd_mxn,17.64,17.65,0.057
2024-07-17 00:26:02+00:00,usd_mxn,17.64,17.65,0.057
2024-07-17 00:26:03+00:00,usd_mxn,17.64,17.65,0.057
2024-07-17 00:26:05+00:00,usd_mxn,17.64,17.65,0.057
2024-07-17 00:26:06+00:00,usd_mxn,17.64,17.65,0.057
2024-07-17 00:26:07+00:00,usd_mxn,17.64,17.65,0.057
2024-07-17 00:26:07+00:00,usd_mxn,17.64,17.65,0.057
2024-07-17 00:26:08+00:00,usd_mxn,17.64,17.65,0.057
2024-07-17 00:26:09+00:00,usd_mxn,17.64,17.65,0.057
2024-07-17 00:26:10+00:00,usd_mxn,17.64,17.65,0.057
2024-07-17 00:26:11+00:00,usd_mxn,17.64,17.65,0.057
2024-07-17 00:26:12+00:00,usd_mxn,17.64,17.65,0.057
2024-07-17 00:26:13+00:00,usd_mxn,17.64,17.65,0.057
2024-07-17 00:26:14+00:00,usd_mxn,17.64,17.65,0.057
2024-07-17 00:26:15+00:00,usd_mxn,17.64,17.65,0.057
2024-07-17 00:26:16+00:00,usd_mxn,17.64,17.65,0.057
2024-07-17 00:26:17+00:00,usd_mxn,17.64,17.65,0.057
2024-07-17 00:26:18+00:00,usd_mxn,17.64,17.65,0.057
2024-07-17 00:26:19+00:00,usd_mxn,17.64,17.65,0.057
2024-07-17 00:26:20+00:00,usd_mxn,17.64,17.65,0.057
2024-07-17 00:26:21+00:00,usd_mxn,17.64,17.65,0.057
2024-07-17 00:26:22+00:00,usd_mxn,17.64,17.65,0.057
2024-07-17 00:26:23+00:00,usd_mxn,17.64,17.65,0.057
2024-07-17 00:26:24+00:00,usd_mxn,17.64,17.65,0.057
2024-07-17 00:26:25+00:00,usd_mxn,17.64,17.65,0.057
2024-07-17 00:26:26+00:00,usd_mxn,17.64,17.65,0.057
2024-07-17 00:26:27+00:00,usd_mxn,17.64,17.65,0.057
2024-07-17 00:26:28+00:00,usd_mxn,17.64,17.65,0.057
2024-07-17 00:26:29+00:00,usd_mxn,17.64,17.65,0.057
2024-07-17 00:26:31+00:00,usd_mxn,17.64,17.65,0.057
2024-07-17 00:26:32+00:00,usd_mxn,17.64,17.65,0.057
2024-07-17 00:26:33+00:00,usd_mxn,17.64,17.65,0.057
2024-07-17 00:26:34+00:00,usd_mxn,17.64,17.65,0.057
2024-07-17 00:26:35+00:00,usd_mxn,17.64,17.65,0.057
2024-07-17 00:26:36+00:00,usd_mxn,17.64,17.65,0.057
2024-07-17 00:26:37+00:00,usd_mxn,17.64,17.65,0.057
2024-07-17 00:26:38+00:00,usd_mxn,17.64,17.65,0.057
2024-07-17 00:26:39+00:00,usd_mxn,17.64,17.65,0.057
2024-07-17 00:26:41+00:00,usd_mxn,17.64,17.65,0.057
2024-07-17 00:26:42+00:00,usd_mxn,17.64,17.65,0.057
2024-07-17 00:26:43+00:00,usd_mxn,17.64,17.65,0.057
2024-07-17 00:26:44+00:00,usd_mxn,17.64,17.65,0.057
2024-07-17 00:26:45+00:00,usd_mxn,17.64,17.65,0.057
2024-07-17 00:26:46+00:00,usd_mxn,17.64,17.65,0.057
2024-07-17 00:26:47+00:00,usd_mxn,17.64,17.65,0.057
2024-07-17 00:26:48+00:00,usd_mxn,17.64,17.65,0.057
2024-07-17 00:26:49+00:00,usd_mxn,17.64,17.65,0.057
2024-07-17 00:26:50+00:00,usd_mxn,17.64,17.65,0.057
2024-07-17 00:26:51+00:00,usd_mxn,17.64,17.65,0.057
2024-07-17 00:26:52+00:00,usd_mxn,17.64,17.65,0.057
2024-07-17 00:26:53+00:00,usd_mxn,17.64,17.65,0.057
2024-07-17 00:26:54+00:00,usd_mxn,17.64,17.65,0.057
2024-07-17 00:26:55+00:00,usd_mxn,17.64,17.65,0.057
2024-07-17 00:26:56+00:00,usd_mxn,17.64,17.65,0.057
2024-07-17 00:26:57+00:00,usd_mxn,17.64,17.65,0.057
2024-07-17 00:26:58+00:00,usd_mxn,17.64,17.65,0.057
2024-07-17 00:26:59+00:00,usd_mxn,17.64,17.65,0.057
2024-07-17 00:27:00+00:00,usd_mxn,17.64,17.65,0.057
2024-07-17 00:27:01+00:00,usd_mxn,17.64,17.65,0.057
2024-07-17 00:27:02+00:00,usd_mxn,17.64,17.65,0.057
2024-07-17 00:27:03+00:00,usd_mxn,17.64,17.65,0.057
2024-07-17 00:27:04+00:00,usd_mxn,17.64,17.65,0.057
2024-07-17 00:27:05+00:00,usd_mxn,17.64,17.65,0.057
2024-07-17 00:27:06+00:00,usd_mxn,17.64,17.65,0.057
2024-07-17 00:27:07+00:00,usd_mxn,17.64,17.65,0.057
2024-07-17 00:27:08+00:00,usd_mxn,17.64,17.65,0.057
2024-07-17 00:27:09+00:00,usd_mxn,17.64,17.65,0.057
2024-07-17 00:27:10+00:00,usd_mxn,17.64,17.65,0.057
2024-07-17 00:27:11+00:00,usd_mxn,17.64,17.65,0.057
2024-07-17 00:27:12+00:00,usd_mxn,17.64,17.65,0.057
2024-07-17 00:27:13+00:00,usd_mxn,17.64,17.65,0.057
2024-07-17 00:27:14+00:00,usd_mxn,17.64,17.65,0.057
2024-07-17 00:27:15+00:00,usd_mxn,17.64,17.65,0.057
2024-07-17 00:27:16+00:00,usd_mxn,17.64,17.65,0.057
2024-07-17 00:27:17+00:00,usd_mxn,17.64,17.65,0.057
2024-07-17 00:27:18+00:00,usd_mxn,17.64,17.65,0.057
2024-07-17 00:27:19+00:00,usd_mxn,17.64,17.65,0.057
2024-07-17 00:27:20+00:00,usd_mxn,17.64,17.65,0.057
2024-07-17 00:27:21+00:00,usd_mxn,17.64,17.65,0.057
2024-07-17 00:27:22+00:00,usd_mxn,17.64,17.65,0.057
2024-07-17 00:27:23+00:00,usd_mxn,17.64,17.65,0.057
2024-07-17 00:27:24+00:00,usd_mxn,17.64,17.65,0.057
2024-07-17 00:27:25+00:00,usd_mxn,17.64,17.65,0.057
2024-07-17 00:27:26+00:00,usd_mxn,17.64,17.65,0.057
2024-07-17 00:27:27+00:00,usd_mxn,17.64,17.65,0.057
2024-07-17 00:27:28+00:00,usd_mxn,17.64,17.65,0.057
2024-07-17 00:27:29+00:00,usd_mxn,17.64,17.65,0.057
2024-07-17 00:27:30+00:00,usd_mxn,17.64,17.65,0.057
2024-07-17 00:27:31+00:00,usd_mxn,17.64,17.65,0.057
2024-07-17 00:27:32+00:00,usd_mxn,17.64,17.65,0.057
2024-07-17 00:27:33+00:00,usd_mxn,17.64,17.65,0.057
2024-07-17 00:27:34+00:00,usd_mxn,17.64,17.65,0.057
2024-07-17 00:27:35+00:00,usd_mxn,17.64,17.65,0.057
2024-07-17 00:27:36+00:00,usd_mxn,17.64,17.65,0.057
2024-07-17 00:27:37+00:00,usd_mxn,17.64,17.65,0.057
2024-07-17 00:27:38+00:00,usd_mxn,17.64,17.65,0.057
2024-07-17 00:27:39+00:00,usd_mxn,17.64,17.65,0.057
2024-07-17 00:27:40+00:00,usd_mxn,17.64,17.65,0.057
2024-07-17 00:27:41+00:00,usd_mxn,17.64,17.65,0.057
2024-07-17 00:27:42+00:00,usd_mxn,17.64,17.65,0.057
2024-07-17 00:27:43+00:00,usd_mxn,17.64,17.65,0.057
2024-07-17 00:27:44+00:00,usd_mxn,17.64,17.65,0.057
2024-07-17 00:27:45+00:00,usd_mxn,17.64,17.65,0.057
2024-07-17 00:27:46+00:00,usd_mxn,17.64,17.65,0.057
2024-07-17 00:27:47+00:00,usd_mxn,17.64,17.65,0.057
2024-07-17 00:27:48+00:00,usd_mxn,17.64,17.65,0.057
2024-07-17 00:27:49+00:00,usd_mxn,17.64,17.65,0.057
2024-07-17 00:27:50+00:00,usd_mxn,17.63,17.65,0.113
2024-07-17 00:27:52+00:00,usd_mxn,17.63,17.65,0.113
2024-07-17 00:27:53+00:00,usd_mxn,17.63,17.65,0.113
2024-07-17 00:27:54+00:00,usd_mxn,17.63,17.65,0.113
2024-07-17 00:27:55+00:00,usd_mxn,17.63,17.65,0.113
2024-07-17 00:27:56+00:00,usd_mxn,17.63,17.65,0.113
2024-07-17 00:27:57+00:00,usd_mxn,17.63,17.65,0.113
2024-07-17 00:27:58+00:00,usd_mxn,17.63,17.65,0.113
2024-07-17 00:27:59+00:00,usd_mxn,17.63,17.65,0.113
2024-07-17 00:28:00+00:00,usd_mxn,17.63,17.65,0.113
2024-07-17 00:28:01+00:00,usd_mxn,17.63,17.65,0.113
2024-07-17 00:28:02+00:00,usd_mxn,17.63,17.65,0.113
2024-07-17 00:28:03+00:00,usd_mxn,17.63,17.65,0.113
2024-07-17 00:28:04+00:00,usd_mxn,17.63,17.65,0.113
2024-07-17 00:28:05+00:00,usd_mxn,17.63,17.65,0.113
2024-07-17 00:28:06+00:00,usd_mxn,17.63,17.65,0.113
2024-07-17 00:28:07+00:00,usd_mxn,17.63,17.65,0.113
2024-07-17 00:28:08+00:00,usd_mxn,17.63,17.65,0.113
2024-07-17 00:28:09+00:00,usd_mxn,17.63,17.65,0.113
2024-07-17 00:28:10+00:00,usd_mxn,17.63,17.65,0.113
2024-07-17 00:28:11+00:00,usd_mxn,17.63,17.65,0.113
2024-07-17 00:28:12+00:00,usd_mxn,17.63,17.65,0.113
2024-07-17 00:28:13+00:00,usd_mxn,17.63,17.65,0.113
2024-07-17 00:28:14+00:00,usd_mxn,17.63,17.65,0.113
2024-07-17 00:28:15+00:00,usd_mxn,17.63,17.65,0.113
2024-07-17 00:28:16+00:00,usd_mxn,17.63,17.65,0.113
2024-07-17 00:28:17+00:00,usd_mxn,17.63,17.65,0.113
2024-07-17 00:28:18+00:00,usd_mxn,17.63,17.65,0.113
2024-07-17 00:28:19+00:00,usd_mxn,17.63,17.65,0.113
2024-07-17 00:28:20+00:00,usd_mxn,17.63,17.65,0.113
2024-07-17 00:28:21+00:00,usd_mxn,17.63,17.65,0.113
2024-07-17 00:28:22+00:00,usd_mxn,17.63,17.65,0.113
2024-07-17 00:28:23+00:00,usd_mxn,17.63,17.65,0.113
2024-07-17 00:28:24+00:00,usd_mxn,17.63,17.65,0.113
2024-07-17 00:28:25+00:00,usd_mxn,17.63,17.65,0.113
2024-07-17 00:28:26+00:00,usd_mxn,17.63,17.65,0.113
2024-07-17 00:28:27+00:00,usd_mxn,17.63,17.65,0.113
2024-07-17 00:28:28+00:00,usd_mxn,17.63,17.65,0.113
2024-07-17 00:28:29+00:00,usd_mxn,17.63,17.65,0.113
2024-07-17 00:28:30+00:00,usd_mxn,17.63,17.65,0.113
2024-07-17 00:28:31+00:00,usd_mxn,17.63,17.65,0.113
2024-07-17 00:28:32+00:00,usd_mxn,17.63,17.65,0.113
2024-07-17 00:28:33+00:00,usd_mxn,17.63,17.65,0.113
2024-07-17 00:28:34+00:00,usd_mxn,17.63,17.65,0.113
2024-07-17 00:28:35+00:00,usd_mxn,17.63,17.65,0.113
2024-07-17 00:28:36+00:00,usd_mxn,17.63,17.65,0.113
2024-07-17 00:28:37+00:00,usd_mxn,17.63,17.65,0.113
2024-07-17 00:28:38+00:00,usd_mxn,17.63,17.65,0.113
2024-07-17 00:28:39+00:00,usd_mxn,17.63,17.65,0.113
2024-07-17 00:28:40+00:00,usd_mxn,17.63,17.65,0.113
2024-07-17 00:28:41+00:00,usd_mxn,17.63,17.65,0.113
2024-07-17 00:28:42+00:00,usd_mxn,17.63,17.65,0.113
2024-07-17 00:28:43+00:00,usd_mxn,17.63,17.65,0.113
2024-07-17 00:28:44+00:00,usd_mxn,17.63,17.65,0.113
2024-07-17 00:28:45+00:00,usd_mxn,17.63,17.65,0.113
2024-07-17 00:28:46+00:00,usd_mxn,17.63,17.65,0.113
2024-07-17 00:28:47+00:00,usd_mxn,17.63,17.65,0.113
2024-07-17 00:28:48+00:00,usd_mxn,17.63,17.65,0.113
2024-07-17 00:28:49+00:00,usd_mxn,17.63,17.65,0.113
2024-07-17 00:28:50+00:00,usd_mxn,17.63,17.65,0.113
2024-07-17 00:28:51+00:00,usd_mxn,17.63,17.65,0.113
2024-07-17 00:28:52+00:00,usd_mxn,17.63,17.65,0.113
2024-07-17 00:28:53+00:00,usd_mxn,17.63,17.65,0.113
2024-07-17 00:28:54+00:00,usd_mxn,17.63,17.65,0.113
2024-07-17 00:28:55+00:00,usd_mxn,17.63,17.65,0.113
2024-07-17 00:28:56+00:00,usd_mxn,17.63,17.65,0.113
2024-07-17 00:28:57+00:00,usd_mxn,17.63,17.65,0.113
2024-07-17 00:28:59+00:00,usd_mxn,17.63,17.65,0.113
2024-07-17 00:29:00+00:00,usd_mxn,17.63,17.65,0.113
2024-07-17 00:29:01+00:00,usd_mxn,17.63,17.65,0.113
2024-07-17 00:29:02+00:00,usd_mxn,17.63,17.65,0.113
2024-07-17 00:29:03+00:00,usd_mxn,17.63,17.65,0.113
2024-07-17 00:29:04+00:00,usd_mxn,17.63,17.65,0.113
2024-07-17 00:29:05+00:00,usd_mxn,17.63,17.65,0.113
2024-07-17 00:29:06+00:00,usd_mxn,17.63,17.65,0.113
2024-07-17 00:29:07+00:00,usd_mxn,17.63,17.65,0.113
2024-07-17 00:29:08+00:00,usd_mxn,17.63,17.65,0.113
2024-07-17 00:29:09+00:00,usd_mxn,17.63,17.65,0.113
2024-07-17 00:29:10+00:00,usd_mxn,17.63,17.65,0.113
2024-07-17 00:29:11+00:00,usd_mxn,17.63,17.65,0.113
2024-07-17 00:29:12+00:00,usd_mxn,17.63,17.65,0.113
2024-07-17 00:29:13+00:00,usd_mxn,17.63,17.65,0.113
2024-07-17 00:29:14+00:00,usd_mxn,17.63,17.65,0.113
2024-07-17 00:29:15+00:00,usd_mxn,17.63,17.65,0.113
2024-07-17 00:29:16+00:00,usd_mxn,17.63,17.65,0.113
2024-07-17 00:29:17+00:00,usd_mxn,17.63,17.65,0.113
2024-07-17 00:29:18+00:00,usd_mxn,17.63,17.65,0.113
2024-07-17 00:29:19+00:00,usd_mxn,17.63,17.65,0.113
2024-07-17 00:29:20+00:00,usd_mxn,17.63,17.65,0.113
2024-07-17 00:29:21+00:00,usd_mxn,17.63,17.65,0.113
2024-07-17 00:29:22+00:00,usd_mxn,17.63,17.65,0.113
2024-07-17 00:29:23+00:00,usd_mxn,17.63,17.65,0.113
2024-07-17 00:29:24+00:00,usd_mxn,17.63,17.65,0.113
2024-07-17 00:29:25+00:00,usd_mxn,17.63,17.65,0.113
2024-07-17 00:29:26+00:00,usd_mxn,17.63,17.65,0.113
2024-07-17 00:29:27+00:00,usd_mxn,17.63,17.65,0.113
2024-07-17 00:29:28+00:00,usd_mxn,17.63,17.65,0.113
2024-07-17 00:29:29+00:00,usd_mxn,17.63,17.65,0.113
2024-07-17 00:29:30+00:00,usd_mxn,17.63,17.65,0.113
2024-07-17 00:29:31+00:00,usd_mxn,17.63,17.65,0.113
2024-07-17 00:29:32+00:00,usd_mxn,17.63,17.65,0.113
2024-07-17 00:29:33+00:00,usd_mxn,17.63,17.65,0.113
2024-07-17 00:29:34+00:00,usd_mxn,17.63,17.65,0.113
2024-07-17 00:29:35+00:00,usd_mxn,17.63,17.65,0.113
2024-07-17 00:29:36+00:00,usd_mxn,17.63,17.65,0.113
2024-07-17 00:29:37+00:00,usd_mxn,17.63,17.65,0.113
2024-07-17 00:29:38+00:00,usd_mxn,17.63,17.65,0.113
2024-07-17 00:29:39+00:00,usd_mxn,17.63,17.65,0.113
2024-07-17 00:29:40+00:00,usd_mxn,17.63,17.65,0.113
2024-07-17 00:29:41+00:00,usd_mxn,17.63,17.65,0.113
2024-07-17 00:29:42+00:00,usd_mxn,17.63,17.65,0.113
2024-07-17 00:29:43+00:00,usd_mxn,17.63,17.65,0.113
2024-07-17 00:29:45+00:00,usd_mxn,17.63,17.65,0.113
2024-07-17 00:29:45+00:00,usd_mxn,17.63,17.65,0.113
2024-07-17 00:29:46+00:00,usd_mxn,17.63,17.65,0.113
2024-07-17 00:29:47+00:00,usd_mxn,17.63,17.65,0.113
2024-07-17 00:29:48+00:00,usd_mxn,17.63,17.65,0.113
2024-07-17 00:29:49+00:00,usd_mxn,17.63,17.65,0.113
2024-07-17 00:29:50+00:00,usd_mxn,17.63,17.65,0.113
2024-07-17 00:29:51+00:00,usd_mxn,17.63,17.65,0.113
2024-07-17 00:29:52+00:00,usd_mxn,17.63,17.65,0.113
2024-07-17 00:29:53+00:00,usd_mxn,17.63,17.65,0.113
2024-07-17 00:29:54+00:00,usd_mxn,17.63,17.65,0.113
2024-07-17 00:29:55+00:00,usd_mxn,17.63,17.65,0.113
2024-07-17 00:29:56+00:00,usd_mxn,17.63,17.65,0.113
2024-07-17 00:29:57+00:00,usd_mxn,17.63,17.65,0.113
2024-07-17 00:29:58+00:00,usd_mxn,17.63,17.65,0.113
2024-07-17 00:29:59+00:00,usd_mxn,17.63,17.65,0.113
2024-07-17 00:30:00+00:00,usd_mxn,17.63,17.65,0.113
2024-07-17 00:30:01+00:00,usd_mxn,17.63,17.65,0.113
2024-07-17 00:30:02+00:00,usd_mxn,17.63,17.65,0.113
2024-07-17 00:30:03+00:00,usd_mxn,17.63,17.65,0.113
2024-07-17 00:30:04+00:00,usd_mxn,17.63,17.65,0.113
2024-07-17 00:30:05+00:00,usd_mxn,17.63,17.65,0.113
2024-07-17 00:30:06+00:00,usd_mxn,17.63,17.65,0.113
2024-07-17 00:30:07+00:00,usd_mxn,17.63,17.65,0.113
2024-07-17 00:30:08+00:00,usd_mxn,17.63,17.65,0.113
2024-07-17 00:30:10+00:00,usd_mxn,17.63,17.65,0.113
2024-07-17 00:30:11+00:00,usd_mxn,17.63,17.65,0.113
2024-07-17 00:30:12+00:00,usd_mxn,17.63,17.65,0.113
2024-07-17 00:30:13+00:00,usd_mxn,17.63,17.65,0.113
2024-07-17 00:30:14+00:00,usd_mxn,17.63,17.65,0.113
2024-07-17 00:30:15+00:00,usd_mxn,17.63,17.65,0.113
2024-07-17 00:30:16+00:00,usd_mxn,17.63,17.65,0.113
2024-07-17 00:30:17+00:00,usd_mxn,17.63,17.65,0.113
2024-07-17 00:30:18+00:00,usd_mxn,17.63,17.65,0.113
2024-07-17 00:30:19+00:00,usd_mxn,17.63,17.65,0.113
2024-07-17 00:30:20+00:00,usd_mxn,17.63,17.65,0.113
2024-07-17 00:30:21+00:00,usd_mxn,17.63,17.65,0.113
2024-07-17 00:30:22+00:00,usd_mxn,17.63,17.65,0.113
2024-07-17 00:30:23+00:00,usd_mxn,17.63,17.65,0.113
2024-07-17 00:30:24+00:00,usd_mxn,17.63,17.65,0.113
2024-07-17 00:30:25+00:00,usd_mxn,17.63,17.65,0.113
2024-07-17 00:30:26+00:00,usd_mxn,17.63,17.65,0.113
2024-07-17 00:30:27+00:00,usd_mxn,17.63,17.65,0.113
2024-07-17 00:30:28+00:00,usd_mxn,17.63,17.65,0.113
2024-07-17 00:30:29+00:00,usd_mxn,17.63,17.65,0.113
2024-07-17 00:30:30+00:00,usd_mxn,17.63,17.65,0.113
2024-07-17 00:30:31+00:00,usd_mxn,17.63,17.65,0.113
2024-07-17 00:30:32+00:00,usd_mxn,17.63,17.65,0.113
2024-07-17 00:30:33+00:00,usd_mxn,17.63,17.65,0.113
2024-07-17 00:30:34+00:00,usd_mxn,17.63,17.65,0.113
2024-07-17 00:30:35+00:00,usd_mxn,17.63,17.65,0.113
2024-07-17 00:30:36+00:00,usd_mxn,17.63,17.65,0.113
2024-07-17 00:30:37+00:00,usd_mxn,17.63,17.65,0.113
2024-07-17 00:30:38+00:00,usd_mxn,17.63,17.65,0.113
2024-07-17 00:30:39+00:00,usd_mxn,17.63,17.65,0.113
2024-07-17 00:30:40+00:00,usd_mxn,17.63,17.65,0.113
2024-07-17 00:30:41+00:00,usd_mxn,17.63,17.65,0.113
2024-07-17 00:30:42+00:00,usd_mxn,17.63,17.65,0.113
2024-07-17 00:30:43+00:00,usd_mxn,17.63,17.65,0.113
2024-07-17 00:30:44+00:00,usd_mxn,17.63,17.65,0.113
2024-07-17 00:30:45+00:00,usd_mxn,17.63,17.65,0.113
2024-07-17 00:30:46+00:00,usd_mxn,17.63,17.65,0.113
2024-07-17 00:30:47+00:00,usd_mxn,17.63,17.65,0.113
2024-07-17 00:30:48+00:00,usd_mxn,17.63,17.65,0.113
2024-07-17 00:30:49+00:00,usd_mxn,17.63,17.65,0.113
2024-07-17 00:30:50+00:00,usd_mxn,17.63,17.65,0.113
2024-07-17 00:30:51+00:00,usd_mxn,17.63,17.65,0.113
2024-07-17 00:30:52+00:00,usd_mxn,17.63,17.65,0.113
2024-07-17 00:30:53+00:00,usd_mxn,17.63,17.65,0.113
2024-07-17 00:30:54+00:00,usd_mxn,17.63,17.65,0.113
2024-07-17 00:30:55+00:00,usd_mxn,17.63,17.65,0.113
2024-07-17 00:30:56+00:00,usd_mxn,17.63,17.65,0.113
2024-07-17 00:30:57+00:00,usd_mxn,17.63,17.65,0.113
2024-07-17 00:30:58+00:00,usd_mxn,17.63,17.65,0.113
2024-07-17 00:30:59+00:00,usd_mxn,17.63,17.65,0.113
2024-07-17 00:31:00+00:00,usd_mxn,17.63,17.65,0.113
2024-07-17 00:31:01+00:00,usd_mxn,17.63,17.65,0.113
2024-07-17 00:31:02+00:00,usd_mxn,17.63,17.65,0.113
2024-07-17 00:31:03+00:00,usd_mxn,17.63,17.65,0.113
2024-07-17 00:31:04+00:00,usd_mxn,17.63,17.65,0.113
2024-07-17 00:31:05+00:00,usd_mxn,17.63,17.65,0.113
2024-07-17 00:31:06+00:00,usd_mxn,17.63,17.65,0.113
2024-07-17 00:31:07+00:00,usd_mxn,17.63,17.65,0.113
2024-07-17 00:31:08+00:00,usd_mxn,17.63,17.65,0.113
2024-07-17 00:31:09+00:00,usd_mxn,17.63,17.65,0.113
2024-07-17 00:31:10+00:00,usd_mxn,17.63,17.65,0.113
2024-07-17 00:31:11+00:00,usd_mxn,17.63,17.65,0.113
2024-07-17 00:31:12+00:00,usd_mxn,17.63,17.65,0.113
2024-07-17 00:31:13+00:00,usd_mxn,17.63,17.65,0.113
2024-07-17 00:31:14+00:00,usd_mxn,17.63,17.65,0.113
2024-07-17 00:31:15+00:00,usd_mxn,17.63,17.65,0.113
2024-07-17 00:31:16+00:00,usd_mxn,17.63,17.65,0.113
2024-07-17 00:31:17+00:00,usd_mxn,17.63,17.65,0.113
2024-07-17 00:31:18+00:00,usd_mxn,17.62,17.65,0.17
2024-07-17 00:31:20+00:00,usd_mxn,17.62,17.65,0.17
2024-07-17 00:31:21+00:00,usd_mxn,17.62,17.65,0.17
2024-07-17 00:31:22+00:00,usd_mxn,17.62,17.65,0.17
2024-07-17 00:31:23+00:00,usd_mxn,17.62,17.65,0.17
2024-07-17 00:31:24+00:00,usd_mxn,17.62,17.65,0.17
2024-07-17 00:31:25+00:00,usd_mxn,17.62,17.65,0.17
2024-07-17 00:31:26+00:00,usd_mxn,17.62,17.65,0.17
2024-07-17 00:31:27+00:00,usd_mxn,17.62,17.65,0.17
2024-07-17 00:31:28+00:00,usd_mxn,17.62,17.65,0.17
2024-07-17 00:31:29+00:00,usd_mxn,17.62,17.65,0.17
2024-07-17 00:31:30+00:00,usd_mxn,17.62,17.65,0.17
2024-07-17 00:31:31+00:00,usd_mxn,17.62,17.65,0.17
2024-07-17 00:31:32+00:00,usd_mxn,17.62,17.65,0.17
2024-07-17 00:31:33+00:00,usd_mxn,17.62,17.65,0.17
2024-07-17 00:31:34+00:00,usd_mxn,17.62,17.65,0.17
2024-07-17 00:31:35+00:00,usd_mxn,17.62,17.65,0.17
2024-07-17 00:31:36+00:00,usd_mxn,17.62,17.65,0.17
2024-07-17 00:31:37+00:00,usd_mxn,17.62,17.65,0.17
2024-07-17 00:31:38+00:00,usd_mxn,17.62,17.65,0.17
2024-07-17 00:31:39+00:00,usd_mxn,17.62,17.65,0.17
2024-07-17 00:31:40+00:00,usd_mxn,17.62,17.65,0.17
2024-07-17 00:31:41+00:00,usd_mxn,17.62,17.65,0.17
2024-07-17 00:31:42+00:00,usd_mxn,17.62,17.65,0.17
2024-07-17 00:31:43+00:00,usd_mxn,17.62,17.65,0.17
2024-07-17 00:31:44+00:00,usd_mxn,17.62,17.65,0.17
2024-07-17 00:31:45+00:00,usd_mxn,17.62,17.65,0.17
2024-07-17 00:31:46+00:00,usd_mxn,17.62,17.65,0.17
2024-07-17 00:31:47+00:00,usd_mxn,17.62,17.65,0.17
2024-07-17 00:31:48+00:00,usd_mxn,17.62,17.65,0.17
2024-07-17 00:31:49+00:00,usd_mxn,17.62,17.65,0.17
2024-07-17 00:31:50+00:00,usd_mxn,17.62,17.65,0.17
2024-07-17 00:31:51+00:00,usd_mxn,17.62,17.65,0.17
2024-07-17 00:31:52+00:00,usd_mxn,17.62,17.65,0.17
2024-07-17 00:31:53+00:00,usd_mxn,17.62,17.65,0.17
2024-07-17 00:31:54+00:00,usd_mxn,17.62,17.65,0.17
2024-07-17 00:31:55+00:00,usd_mxn,17.62,17.65,0.17
2024-07-17 00:31:56+00:00,usd_mxn,17.62,17.65,0.17
2024-07-17 00:31:57+00:00,usd_mxn,17.62,17.65,0.17
2024-07-17 00:31:58+00:00,usd_mxn,17.62,17.65,0.17
2024-07-17 00:31:59+00:00,usd_mxn,17.62,17.65,0.17
2024-07-17 00:32:00+00:00,usd_mxn,17.62,17.65,0.17
2024-07-17 00:32:01+00:00,usd_mxn,17.62,17.65,0.17
2024-07-17 00:32:02+00:00,usd_mxn,17.62,17.65,0.17
2024-07-17 00:32:03+00:00,usd_mxn,17.62,17.65,0.17
2024-07-17 00:32:04+00:00,usd_mxn,17.62,17.65,0.17
2024-07-17 00:32:05+00:00,usd_mxn,17.62,17.65,0.17
2024-07-17 00:32:06+00:00,usd_mxn,17.62,17.65,0.17
2024-07-17 00:32:07+00:00,usd_mxn,17.62,17.65,0.17
2024-07-17 00:32:08+00:00,usd_mxn,17.62,17.65,0.17
2024-07-17 00:32:09+00:00,usd_mxn,17.62,17.65,0.17
2024-07-17 00:32:10+00:00,usd_mxn,17.62,17.65,0.17
2024-07-17 00:32:11+00:00,usd_mxn,17.62,17.65,0.17
2024-07-17 00:32:12+00:00,usd_mxn,17.62,17.65,0.17
2024-07-17 00:32:13+00:00,usd_mxn,17.62,17.65,0.17
2024-07-17 00:32:14+00:00,usd_mxn,17.62,17.65,0.17
2024-07-17 00:32:15+00:00,usd_mxn,17.62,17.65,0.17
2024-07-17 00:32:16+00:00,usd_mxn,17.62,17.65,0.17
2024-07-17 00:32:17+00:00,usd_mxn,17.62,17.65,0.17
2024-07-17 00:32:18+00:00,usd_mxn,17.63,17.65,0.113
2024-07-17 00:32:19+00:00,usd_mxn,17.63,17.65,0.113
2024-07-17 00:32:20+00:00,usd_mxn,17.63,17.65,0.113
2024-07-17 00:32:21+00:00,usd_mxn,17.63,17.65,0.113
2024-07-17 00:32:22+00:00,usd_mxn,17.63,17.65,0.113
2024-07-17 00:32:23+00:00,usd_mxn,17.63,17.65,0.113
2024-07-17 00:32:24+00:00,usd_mxn,17.63,17.65,0.113
2024-07-17 00:32:25+00:00,usd_mxn,17.63,17.65,0.113
2024-07-17 00:32:27+00:00,usd_mxn,17.63,17.65,0.113
2024-07-17 00:32:28+00:00,usd_mxn,17.63,17.65,0.113
2024-07-17 00:32:29+00:00,usd_mxn,17.63,17.65,0.113
2024-07-17 00:32:30+00:00,usd_mxn,17.63,17.65,0.113
2024-07-17 00:32:31+00:00,usd_mxn,17.63,17.65,0.113
2024-07-17 00:32:32+00:00,usd_mxn,17.63,17.65,0.113
2024-07-17 00:32:33+00:00,usd_mxn,17.63,17.65,0.113
2024-07-17 00:32:34+00:00,usd_mxn,17.63,17.65,0.113
2024-07-17 00:32:35+00:00,usd_mxn,17.63,17.65,0.113
2024-07-17 00:32:36+00:00,usd_mxn,17.63,17.65,0.113
2024-07-17 00:32:37+00:00,usd_mxn,17.63,17.65,0.113
2024-07-17 00:32:38+00:00,usd_mxn,17.63,17.65,0.113
2024-07-17 00:32:39+00:00,usd_mxn,17.63,17.65,0.113
2024-07-17 00:32:40+00:00,usd_mxn,17.63,17.65,0.113
2024-07-17 00:32:41+00:00,usd_mxn,17.63,17.65,0.113
2024-07-17 00:32:42+00:00,usd_mxn,17.63,17.65,0.113
2024-07-17 00:32:43+00:00,usd_mxn,17.63,17.65,0.113
2024-07-17 00:32:44+00:00,usd_mxn,17.63,17.65,0.113
2024-07-17 00:32:45+00:00,usd_mxn,17.63,17.65,0.113
2024-07-17 00:32:46+00:00,usd_mxn,17.63,17.65,0.113
2024-07-17 00:32:47+00:00,usd_mxn,17.63,17.65,0.113
2024-07-17 00:32:48+00:00,usd_mxn,17.63,17.65,0.113
2024-07-17 00:32:49+00:00,usd_mxn,17.63,17.65,0.113
2024-07-17 00:32:50+00:00,usd_mxn,17.63,17.65,0.113
2024-07-17 00:32:51+00:00,usd_mxn,17.63,17.65,0.113
2024-07-17 00:32:52+00:00,usd_mxn,17.63,17.65,0.113
2024-07-17 00:32:53+00:00,usd_mxn,17.63,17.65,0.113
2024-07-17 00:32:54+00:00,usd_mxn,17.63,17.65,0.113
2024-07-17 00:32:55+00:00,usd_mxn,17.63,17.65,0.113
2024-07-17 00:32:56+00:00,usd_mxn,17.63,17.65,0.113
2024-07-17 00:32:57+00:00,usd_mxn,17.63,17.65,0.113
2024-07-17 00:32:58+00:00,usd_mxn,17.63,17.65,0.113
2024-07-17 00:32:59+00:00,usd_mxn,17.63,17.65,0.113
2024-07-17 00:33:00+00:00,usd_mxn,17.63,17.65,0.113
2024-07-17 00:33:01+00:00,usd_mxn,17.63,17.65,0.113
2024-07-17 00:33:02+00:00,usd_mxn,17.63,17.65,0.113
2024-07-17 00:33:03+00:00,usd_mxn,17.63,17.65,0.113
2024-07-17 00:33:04+00:00,usd_mxn,17.63,17.65,0.113
2024-07-17 00:33:05+00:00,usd_mxn,17.63,17.65,0.113
2024-07-17 00:33:06+00:00,usd_mxn,17.63,17.65,0.113
2024-07-17 00:33:07+00:00,usd_mxn,17.63,17.65,0.113
2024-07-17 00:33:08+00:00,usd_mxn,17.63,17.65,0.113
2024-07-17 00:33:09+00:00,usd_mxn,17.63,17.65,0.113
2024-07-17 00:33:10+00:00,usd_mxn,17.63,17.65,0.113
2024-07-17 00:33:11+00:00,usd_mxn,17.63,17.65,0.113
2024-07-17 00:33:12+00:00,usd_mxn,17.63,17.65,0.113
2024-07-17 00:33:13+00:00,usd_mxn,17.63,17.65,0.113
2024-07-17 00:33:14+00:00,usd_mxn,17.63,17.65,0.113
2024-07-17 00:33:15+00:00,usd_mxn,17.63,17.65,0.113
2024-07-17 00:33:16+00:00,usd_mxn,17.63,17.65,0.113
2024-07-17 00:33:17+00:00,usd_mxn,17.63,17.65,0.113
2024-07-17 00:33:18+00:00,usd_mxn,17.63,17.65,0.113
2024-07-17 00:33:19+00:00,usd_mxn,17.63,17.65,0.113
2024-07-17 00:33:20+00:00,usd_mxn,17.63,17.65,0.113
2024-07-17 00:33:21+00:00,usd_mxn,17.63,17.65,0.113
2024-07-17 00:33:22+00:00,usd_mxn,17.63,17.65,0.113
2024-07-17 00:33:23+00:00,usd_mxn,17.63,17.65,0.113
2024-07-17 00:33:24+00:00,usd_mxn,17.63,17.65,0.113
2024-07-17 00:33:25+00:00,usd_mxn,17.63,17.65,0.113
2024-07-17 00:33:26+00:00,usd_mxn,17.63,17.65,0.113
2024-07-17 00:33:27+00:00,usd_mxn,17.63,17.65,0.113
2024-07-17 00:33:28+00:00,usd_mxn,17.63,17.65,0.113
2024-07-17 00:33:29+00:00,usd_mxn,17.63,17.65,0.113
2024-07-17 00:33:30+00:00,usd_mxn,17.63,17.65,0.113
2024-07-17 00:33:31+00:00,usd_mxn,17.63,17.65,0.113
2024-07-17 00:33:32+00:00,usd_mxn,17.63,17.65,0.113
2024-07-17 00:33:33+00:00,usd_mxn,17.63,17.65,0.113
2024-07-17 00:33:35+00:00,usd_mxn,17.63,17.65,0.113
2024-07-17 00:33:36+00:00,usd_mxn,17.63,17.65,0.113
2024-07-17 00:33:37+00:00,usd_mxn,17.63,17.65,0.113
2024-07-17 00:33:38+00:00,usd_mxn,17.63,17.65,0.113
2024-07-17 00:33:39+00:00,usd_mxn,17.63,17.65,0.113
2024-07-17 00:33:40+00:00,usd_mxn,17.63,17.65,0.113
2024-07-17 00:33:41+00:00,usd_mxn,17.63,17.65,0.113
2024-07-17 00:33:42+00:00,usd_mxn,17.63,17.65,0.113
2024-07-17 00:33:43+00:00,usd_mxn,17.63,17.65,0.113
2024-07-17 00:33:44+00:00,usd_mxn,17.63,17.65,0.113
2024-07-17 00:33:45+00:00,usd_mxn,17.63,17.65,0.113
2024-07-17 00:33:46+00:00,usd_mxn,17.63,17.65,0.113
2024-07-17 00:33:47+00:00,usd_mxn,17.63,17.65,0.113
2024-07-17 00:33:48+00:00,usd_mxn,17.63,17.65,0.113
2024-07-17 00:33:49+00:00,usd_mxn,17.63,17.65,0.113
2024-07-17 00:33:50+00:00,usd_mxn,17.63,17.65,0.113
2024-07-17 00:33:51+00:00,usd_mxn,17.63,17.65,0.113
2024-07-17 00:33:52+00:00,usd_mxn,17.63,17.65,0.113
2024-07-17 00:33:53+00:00,usd_mxn,17.63,17.65,0.113
2024-07-17 00:33:54+00:00,usd_mxn,17.63,17.65,0.113
2024-07-17 00:33:55+00:00,usd_mxn,17.63,17.65,0.113
2024-07-17 00:33:56+00:00,usd_mxn,17.63,17.65,0.113
2024-07-17 00:33:57+00:00,usd_mxn,17.63,17.65,0.113
2024-07-17 00:33:58+00:00,usd_mxn,17.63,17.65,0.113
2024-07-17 00:33:59+00:00,usd_mxn,17.63,17.65,0.113
2024-07-17 00:34:00+00:00,usd_mxn,17.63,17.65,0.113
2024-07-17 00:34:01+00:00,usd_mxn,17.63,17.65,0.113
2024-07-17 00:34:02+00:00,usd_mxn,17.63,17.65,0.113
2024-07-17 00:34:03+00:00,usd_mxn,17.63,17.65,0.113
