orderbook_timestamp,book,bid,ask,spread
2024-07-17 01:04:15+00:00,btc_mxn,1154999.98,1155000.02,0.0
2024-07-17 01:04:16+00:00,btc_mxn,1154999.98,1155000.02,0.0
2024-07-17 01:04:17+00:00,btc_mxn,1154999.98,1155000.02,0.0
2024-07-17 01:04:18+00:00,btc_mxn,1154999.98,1155000.02,0.0
2024-07-17 01:04:19+00:00,btc_mxn,1154999.98,1155000.02,0.0
2024-07-17 01:04:20+00:00,btc_mxn,1154999.98,1155000.02,0.0
2024-07-17 01:04:21+00:00,btc_mxn,1154999.98,1155000.02,0.0
2024-07-17 01:04:22+00:00,btc_mxn,1154999.98,1155000.02,0.0
2024-07-17 01:04:23+00:00,btc_mxn,1154999.98,1155000.02,0.0
2024-07-17 01:04:24+00:00,btc_mxn,1154999.98,1155000.02,0.0
2024-07-17 01:04:25+00:00,btc_mxn,1154999.98,1155000.02,0.0
2024-07-17 01:04:26+00:00,btc_mxn,1154999.98,1155000.02,0.0
2024-07-17 01:04:27+00:00,btc_mxn,1154999.98,1155000.02,0.0
2024-07-17 01:04:28+00:00,btc_mxn,1154999.98,1155000.02,0.0
2024-07-17 01:04:29+00:00,btc_mxn,1154999.98,1155000.02,0.0
2024-07-17 01:04:30+00:00,btc_mxn,1154999.98,1155000.02,0.0
2024-07-17 01:04:31+00:00,btc_mxn,1154999.98,1155000.02,0.0
2024-07-17 01:04:32+00:00,btc_mxn,1154999.98,1155000.02,0.0
2024-07-17 01:04:33+00:00,btc_mxn,1154999.98,1155000.02,0.0
2024-07-17 01:04:34+00:00,btc_mxn,1154999.98,1155000.02,0.0
2024-07-17 01:04:35+00:00,btc_mxn,1154999.98,1155000.02,0.0
2024-07-17 01:04:36+00:00,btc_mxn,1154999.98,1155000.02,0.0
2024-07-17 01:04:37+00:00,btc_mxn,1154999.98,1155000.02,0.0
2024-07-17 01:04:38+00:00,btc_mxn,1154999.98,1155000.02,0.0
2024-07-17 01:04:39+00:00,btc_mxn,1154999.98,1155000.02,0.0
2024-07-17 01:04:40+00:00,btc_mxn,1154999.98,1155000.02,0.0
2024-07-17 01:04:41+00:00,btc_mxn,1154999.98,1155000.02,0.0
2024-07-17 01:04:42+00:00,btc_mxn,1154999.98,1155000.02,0.0
2024-07-17 01:04:43+00:00,btc_mxn,1154999.98,1155000.02,0.0
2024-07-17 01:04:44+00:00,btc_mxn,1154999.98,1155000.02,0.0
2024-07-17 01:04:45+00:00,btc_mxn,1154999.98,1155000.02,0.0
2024-07-17 01:04:46+00:00,btc_mxn,1154999.98,1155000.02,0.0
2024-07-17 01:04:47+00:00,btc_mxn,1154999.98,1155000.02,0.0
2024-07-17 01:04:48+00:00,btc_mxn,1154999.98,1155000.02,0.0
2024-07-17 01:04:49+00:00,btc_mxn,1154999.98,1155000.02,0.0
2024-07-17 01:04:50+00:00,btc_mxn,1154999.98,1155000.02,0.0
2024-07-17 01:04:51+00:00,btc_mxn,1154999.98,1155000.02,0.0
2024-07-17 01:04:52+00:00,btc_mxn,1154999.98,1155000.02,0.0
2024-07-17 01:04:53+00:00,btc_mxn,1154999.98,1155000.02,0.0
2024-07-17 01:04:54+00:00,btc_mxn,1154999.98,1155000.02,0.0
2024-07-17 01:04:55+00:00,btc_mxn,1154999.98,1155000.02,0.0
2024-07-17 01:04:56+00:00,btc_mxn,1154999.98,1155000.02,0.0
2024-07-17 01:04:57+00:00,btc_mxn,1154999.98,1155000.02,0.0
2024-07-17 01:04:59+00:00,btc_mxn,1154999.98,1155000.02,0.0
2024-07-17 01:05:00+00:00,btc_mxn,1154999.98,1155000.02,0.0
2024-07-17 01:05:01+00:00,btc_mxn,1154999.98,1155000.02,0.0
2024-07-17 01:05:02+00:00,btc_mxn,1154999.98,1155000.02,0.0
2024-07-17 01:05:03+00:00,btc_mxn,1154999.98,1155000.02,0.0
2024-07-17 01:05:04+00:00,btc_mxn,1154999.98,1155000.02,0.0
2024-07-17 01:05:05+00:00,btc_mxn,1154999.98,1155000.02,0.0
2024-07-17 01:05:06+00:00,btc_mxn,1154999.98,1155000.02,0.0
2024-07-17 01:05:07+00:00,btc_mxn,1154999.98,1155000.02,0.0
2024-07-17 01:05:08+00:00,btc_mxn,1154999.98,1155000.02,0.0
2024-07-17 01:05:09+00:00,btc_mxn,1154999.98,1155000.02,0.0
2024-07-17 01:05:10+00:00,btc_mxn,1154999.98,1155000.02,0.0
2024-07-17 01:05:11+00:00,btc_mxn,1154999.98,1155000.02,0.0
2024-07-17 01:05:12+00:00,btc_mxn,1154999.98,1155000.02,0.0
2024-07-17 01:05:13+00:00,btc_mxn,1154999.98,1155000.02,0.0
2024-07-17 01:05:14+00:00,btc_mxn,1154999.98,1155000.02,0.0
2024-07-17 01:05:15+00:00,btc_mxn,1154999.98,1155000.02,0.0
2024-07-17 01:05:16+00:00,btc_mxn,1154999.98,1155000.02,0.0
2024-07-17 01:05:17+00:00,btc_mxn,1154999.98,1155000.02,0.0
2024-07-17 01:05:18+00:00,btc_mxn,1154999.98,1155000.02,0.0
2024-07-17 01:05:19+00:00,btc_mxn,1154999.98,1155000.02,0.0
2024-07-17 01:05:20+00:00,btc_mxn,1154999.98,1155000.02,0.0
2024-07-17 01:05:21+00:00,btc_mxn,1154999.98,1155000.02,0.0
2024-07-17 01:05:22+00:00,btc_mxn,1154999.98,1155000.02,0.0
2024-07-17 01:05:23+00:00,btc_mxn,1154999.98,1155000.02,0.0
2024-07-17 01:05:24+00:00,btc_mxn,1154999.98,1155000.02,0.0
2024-07-17 01:05:25+00:00,btc_mxn,1155480.0,1156340.0,0.074
2024-07-17 01:05:26+00:00,btc_mxn,1155480.0,1156340.0,0.074
2024-07-17 01:05:27+00:00,btc_mxn,1155480.0,1156340.0,0.074
2024-07-17 01:05:28+00:00,btc_mxn,1155480.0,1156340.0,0.074
2024-07-17 01:05:29+00:00,btc_mxn,1155480.0,1156340.0,0.074
2024-07-17 01:05:30+00:00,btc_mxn,1155480.0,1156340.0,0.074
2024-07-17 01:05:31+00:00,btc_mxn,1155480.0,1156340.0,0.074
2024-07-17 01:05:32+00:00,btc_mxn,1155480.0,1156340.0,0.074
2024-07-17 01:05:33+00:00,btc_mxn,1155480.0,1156340.0,0.074
2024-07-17 01:05:34+00:00,btc_mxn,1155480.0,1156340.0,0.074
2024-07-17 01:05:35+00:00,btc_mxn,1155480.0,1156340.0,0.074
2024-07-17 01:05:36+00:00,btc_mxn,1155480.0,1156340.0,0.074
2024-07-17 01:05:37+00:00,btc_mxn,1155480.0,1156340.0,0.074
2024-07-17 01:05:38+00:00,btc_mxn,1155480.0,1156340.0,0.074
2024-07-17 01:05:39+00:00,btc_mxn,1155480.0,1156340.0,0.074
2024-07-17 01:05:40+00:00,btc_mxn,1155480.0,1156340.0,0.074
2024-07-17 01:05:41+00:00,btc_mxn,1155620.0,1156340.0,0.062
2024-07-17 01:05:42+00:00,btc_mxn,1155620.0,1156340.0,0.062
2024-07-17 01:05:43+00:00,btc_mxn,1155620.0,1156340.0,0.062
2024-07-17 01:05:44+00:00,btc_mxn,1155640.0,1156340.0,0.061
2024-07-17 01:05:45+00:00,btc_mxn,1155640.0,1156340.0,0.061
2024-07-17 01:05:46+00:00,btc_mxn,1155640.0,1156340.0,0.061
2024-07-17 01:05:47+00:00,btc_mxn,1155640.0,1156340.0,0.061
2024-07-17 01:05:48+00:00,btc_mxn,1155640.0,1156340.0,0.061
2024-07-17 01:05:49+00:00,btc_mxn,1155640.0,1156340.0,0.061
2024-07-17 01:05:50+00:00,btc_mxn,1155640.0,1156340.0,0.061
2024-07-17 01:05:51+00:00,btc_mxn,1155640.0,1156340.0,0.061
2024-07-17 01:05:52+00:00,btc_mxn,1155640.0,1156340.0,0.061
2024-07-17 01:05:53+00:00,btc_mxn,1155640.0,1156340.0,0.061
2024-07-17 01:05:54+00:00,btc_mxn,1155640.0,1156340.0,0.061
2024-07-17 01:05:55+00:00,btc_mxn,1155640.0,1156340.0,0.061
2024-07-17 01:05:56+00:00,btc_mxn,1155640.0,1156340.0,0.061
2024-07-17 01:05:57+00:00,btc_mxn,1155640.0,1156340.0,0.061
2024-07-17 01:05:58+00:00,btc_mxn,1155640.0,1156340.0,0.061
2024-07-17 01:05:59+00:00,btc_mxn,1155640.0,1156340.0,0.061
2024-07-17 01:06:00+00:00,btc_mxn,1155640.0,1156340.0,0.061
2024-07-17 01:06:02+00:00,btc_mxn,1155640.0,1156340.0,0.061
2024-07-17 01:06:03+00:00,btc_mxn,1155640.0,1156340.0,0.061
2024-07-17 01:06:04+00:00,btc_mxn,1155640.0,1156340.0,0.061
2024-07-17 01:06:05+00:00,btc_mxn,1155640.0,1156340.0,0.061
2024-07-17 01:06:06+00:00,btc_mxn,1155640.0,1156340.0,0.061
2024-07-17 01:06:07+00:00,btc_mxn,1155640.0,1156340.0,0.061
2024-07-17 01:06:08+00:00,btc_mxn,1155640.0,1156340.0,0.061
2024-07-17 01:06:09+00:00,btc_mxn,1155640.0,1156340.0,0.061
2024-07-17 01:06:10+00:00,btc_mxn,1155640.0,1156340.0,0.061
2024-07-17 01:06:11+00:00,btc_mxn,1155640.0,1156340.0,0.061
2024-07-17 01:06:12+00:00,btc_mxn,1155640.0,1156340.0,0.061
2024-07-17 01:06:13+00:00,btc_mxn,1155640.0,1156340.0,0.061
2024-07-17 01:06:14+00:00,btc_mxn,1155640.0,1156340.0,0.061
2024-07-17 01:06:15+00:00,btc_mxn,1155640.0,1156340.0,0.061
2024-07-17 01:06:16+00:00,btc_mxn,1155640.0,1156340.0,0.061
2024-07-17 01:06:17+00:00,btc_mxn,1155640.0,1156340.0,0.061
2024-07-17 01:06:18+00:00,btc_mxn,1155640.0,1156340.0,0.061
2024-07-17 01:06:19+00:00,btc_mxn,1155640.0,1156340.0,0.061
2024-07-17 01:06:20+00:00,btc_mxn,1155640.0,1156340.0,0.061
2024-07-17 01:06:21+00:00,btc_mxn,1155640.0,1156340.0,0.061
2024-07-17 01:06:22+00:00,btc_mxn,1155640.0,1156340.0,0.061
2024-07-17 01:06:23+00:00,btc_mxn,1155640.0,1156340.0,0.061
2024-07-17 01:06:24+00:00,btc_mxn,1155640.0,1156340.0,0.061
2024-07-17 01:06:25+00:00,btc_mxn,1155640.0,1156340.0,0.061
2024-07-17 01:06:26+00:00,btc_mxn,1155640.0,1156340.0,0.061
2024-07-17 01:06:27+00:00,btc_mxn,1155640.0,1156340.0,0.061
2024-07-17 01:06:28+00:00,btc_mxn,1155640.0,1156340.0,0.061
2024-07-17 01:06:29+00:00,btc_mxn,1155640.0,1156340.0,0.061
2024-07-17 01:06:30+00:00,btc_mxn,1155640.0,1156340.0,0.061
2024-07-17 01:06:31+00:00,btc_mxn,1155640.0,1156340.0,0.061
2024-07-17 01:06:32+00:00,btc_mxn,1155480.0,1156340.0,0.074
2024-07-17 01:06:33+00:00,btc_mxn,1155480.0,1156340.0,0.074
2024-07-17 01:06:34+00:00,btc_mxn,1155480.0,1156340.0,0.074
2024-07-17 01:06:35+00:00,btc_mxn,1155480.0,1156340.0,0.074
2024-07-17 01:06:36+00:00,btc_mxn,1155480.0,1156340.0,0.074
2024-07-17 01:06:37+00:00,btc_mxn,1155480.0,1156340.0,0.074
2024-07-17 01:06:38+00:00,btc_mxn,1155480.0,1156340.0,0.074
2024-07-17 01:06:39+00:00,btc_mxn,1155480.0,1156340.0,0.074
2024-07-17 01:06:40+00:00,btc_mxn,1155480.0,1156340.0,0.074
2024-07-17 01:06:41+00:00,btc_mxn,1155480.0,1156340.0,0.074
2024-07-17 01:06:42+00:00,btc_mxn,1155480.0,1156340.0,0.074
2024-07-17 01:06:43+00:00,btc_mxn,1155480.0,1156340.0,0.074
2024-07-17 01:06:44+00:00,btc_mxn,1155480.0,1156340.0,0.074
2024-07-17 01:06:45+00:00,btc_mxn,1155480.0,1156340.0,0.074
2024-07-17 01:06:46+00:00,btc_mxn,1155480.0,1156340.0,0.074
2024-07-17 01:06:47+00:00,btc_mxn,1155480.0,1156340.0,0.074
2024-07-17 01:06:48+00:00,btc_mxn,1155480.0,1156340.0,0.074
2024-07-17 01:06:49+00:00,btc_mxn,1155480.0,1156340.0,0.074
2024-07-17 01:06:50+00:00,btc_mxn,1155480.0,1156340.0,0.074
2024-07-17 01:06:51+00:00,btc_mxn,1155480.0,1156340.0,0.074
2024-07-17 01:06:52+00:00,btc_mxn,1155480.0,1156340.0,0.074
2024-07-17 01:06:53+00:00,btc_mxn,1155480.0,1156340.0,0.074
2024-07-17 01:06:54+00:00,btc_mxn,1155480.0,1156340.0,0.074
2024-07-17 01:06:55+00:00,btc_mxn,1155480.0,1156340.0,0.074
2024-07-17 01:06:56+00:00,btc_mxn,1155480.0,1156340.0,0.074
2024-07-17 01:06:57+00:00,btc_mxn,1155480.0,1156340.0,0.074
2024-07-17 01:06:58+00:00,btc_mxn,1155480.0,1156340.0,0.074
2024-07-17 01:06:59+00:00,btc_mxn,1155480.0,1156340.0,0.074
2024-07-17 01:07:00+00:00,btc_mxn,1155480.0,1156340.0,0.074
2024-07-17 01:07:01+00:00,btc_mxn,1155480.0,1156340.0,0.074
2024-07-17 01:07:02+00:00,btc_mxn,1155480.0,1156340.0,0.074
2024-07-17 01:07:03+00:00,btc_mxn,1155480.0,1156340.0,0.074
2024-07-17 01:07:04+00:00,btc_mxn,1155480.0,1156340.0,0.074
2024-07-17 01:07:05+00:00,btc_mxn,1155480.0,1156340.0,0.074
2024-07-17 01:07:06+00:00,btc_mxn,1155480.0,1156340.0,0.074
2024-07-17 01:07:07+00:00,btc_mxn,1155480.0,1156340.0,0.074
2024-07-17 01:07:09+00:00,btc_mxn,1153699.98,1153700.02,0.0
2024-07-17 01:07:10+00:00,btc_mxn,1153699.98,1153700.02,0.0
2024-07-17 01:07:11+00:00,btc_mxn,1153699.98,1153700.02,0.0
2024-07-17 01:07:12+00:00,btc_mxn,1153699.98,1153700.02,0.0
2024-07-17 01:07:13+00:00,btc_mxn,1153699.98,1153700.02,0.0
2024-07-17 01:07:14+00:00,btc_mxn,1153699.98,1153700.02,0.0
2024-07-17 01:07:15+00:00,btc_mxn,1153699.98,1153700.02,0.0
2024-07-17 01:07:16+00:00,btc_mxn,1153699.98,1153700.02,0.0
2024-07-17 01:07:17+00:00,btc_mxn,1153699.98,1153700.02,0.0
2024-07-17 01:07:18+00:00,btc_mxn,1153699.98,1153700.02,0.0
2024-07-17 01:07:19+00:00,btc_mxn,1153699.98,1153700.02,0.0
2024-07-17 01:07:20+00:00,btc_mxn,1153699.98,1153700.02,0.0
2024-07-17 01:07:21+00:00,btc_mxn,1153699.98,1153700.02,0.0
2024-07-17 01:07:22+00:00,btc_mxn,1153700.0,1153700.02,0.0
2024-07-17 01:07:23+00:00,btc_mxn,1153700.0,1153700.02,0.0
2024-07-17 01:07:24+00:00,btc_mxn,1153700.0,1153700.02,0.0
2024-07-17 01:07:25+00:00,btc_mxn,1153700.0,1153700.02,0.0
2024-07-17 01:07:26+00:00,btc_mxn,1153700.0,1153700.02,0.0
2024-07-17 01:07:27+00:00,btc_mxn,1153700.0,1153700.02,0.0
2024-07-17 01:07:28+00:00,btc_mxn,1153700.0,1153700.02,0.0
2024-07-17 01:07:29+00:00,btc_mxn,1153700.0,1153700.02,0.0
2024-07-17 01:07:30+00:00,btc_mxn,1153700.0,1153700.02,0.0
2024-07-17 01:07:31+00:00,btc_mxn,1153700.0,1153700.02,0.0
2024-07-17 01:07:32+00:00,btc_mxn,1153699.98,1153700.02,0.0
2024-07-17 01:07:33+00:00,btc_mxn,1153699.98,1153700.02,0.0
2024-07-17 01:07:34+00:00,btc_mxn,1153699.98,1153700.02,0.0
2024-07-17 01:07:35+00:00,btc_mxn,1153699.98,1153700.02,0.0
2024-07-17 01:07:36+00:00,btc_mxn,1153699.98,1153700.02,0.0
2024-07-17 01:07:37+00:00,btc_mxn,1153699.98,1153700.02,0.0
2024-07-17 01:07:38+00:00,btc_mxn,1153699.98,1153700.02,0.0
2024-07-17 01:07:39+00:00,btc_mxn,1153699.98,1153700.02,0.0
2024-07-17 01:07:40+00:00,btc_mxn,1153699.98,1153700.02,0.0
2024-07-17 01:07:41+00:00,btc_mxn,1153699.98,1153700.02,0.0
2024-07-17 01:07:42+00:00,btc_mxn,1153699.98,1153700.02,0.0
2024-07-17 01:07:43+00:00,btc_mxn,1153699.98,1153700.02,0.0
2024-07-17 01:07:44+00:00,btc_mxn,1154600.0,1156340.0,0.15
2024-07-17 01:07:45+00:00,btc_mxn,1154640.0,1156340.0,0.147
2024-07-17 01:07:46+00:00,btc_mxn,1154690.0,1156340.0,0.143
2024-07-17 01:07:47+00:00,btc_mxn,1154640.0,1156340.0,0.147
2024-07-17 01:07:48+00:00,btc_mxn,1154730.0,1156340.0,0.139
2024-07-17 01:07:49+00:00,btc_mxn,1154740.0,1156340.0,0.138
2024-07-17 01:07:50+00:00,btc_mxn,1154790.0,1156340.0,0.134
2024-07-17 01:07:51+00:00,btc_mxn,1154820.0,1156340.0,0.131
2024-07-17 01:07:52+00:00,btc_mxn,1154820.0,1156340.0,0.131
2024-07-17 01:07:53+00:00,btc_mxn,1154820.0,1156340.0,0.131
2024-07-17 01:07:54+00:00,btc_mxn,1154820.0,1156340.0,0.131
2024-07-17 01:07:55+00:00,btc_mxn,1154820.0,1156340.0,0.131
2024-07-17 01:07:56+00:00,btc_mxn,1154820.0,1156340.0,0.131
2024-07-17 01:07:57+00:00,btc_mxn,1154820.0,1156340.0,0.131
2024-07-17 01:07:58+00:00,btc_mxn,1154820.0,1156340.0,0.131
2024-07-17 01:07:59+00:00,btc_mxn,1154820.0,1156340.0,0.131
2024-07-17 01:08:00+00:00,btc_mxn,1154820.0,1156340.0,0.131
2024-07-17 01:08:01+00:00,btc_mxn,1154820.0,1156340.0,0.131
2024-07-17 01:08:02+00:00,btc_mxn,1154820.0,1156340.0,0.131
2024-07-17 01:08:03+00:00,btc_mxn,1154820.0,1156340.0,0.131
2024-07-17 01:08:04+00:00,btc_mxn,1154820.0,1156340.0,0.131
2024-07-17 01:08:05+00:00,btc_mxn,1154820.0,1156340.0,0.131
2024-07-17 01:08:06+00:00,btc_mxn,1154820.0,1156340.0,0.131
2024-07-17 01:08:07+00:00,btc_mxn,1154820.0,1156340.0,0.131
2024-07-17 01:08:08+00:00,btc_mxn,1154820.0,1156340.0,0.131
2024-07-17 01:08:09+00:00,btc_mxn,1154820.0,1156340.0,0.131
2024-07-17 01:08:10+00:00,btc_mxn,1154820.0,1156340.0,0.131
2024-07-17 01:08:12+00:00,btc_mxn,1154820.0,1156340.0,0.131
2024-07-17 01:08:13+00:00,btc_mxn,1154820.0,1156340.0,0.131
2024-07-17 01:08:14+00:00,btc_mxn,1154820.0,1156340.0,0.131
2024-07-17 01:08:15+00:00,btc_mxn,1154820.0,1156340.0,0.131
2024-07-17 01:08:16+00:00,btc_mxn,1154820.0,1156340.0,0.131
2024-07-17 01:08:17+00:00,btc_mxn,1154820.0,1156340.0,0.131
2024-07-17 01:08:18+00:00,btc_mxn,1154820.0,1156340.0,0.131
2024-07-17 01:08:19+00:00,btc_mxn,1154820.0,1156340.0,0.131
2024-07-17 01:08:20+00:00,btc_mxn,1155540.0,1156340.0,0.069
2024-07-17 01:08:21+00:00,btc_mxn,1155540.0,1156340.0,0.069
2024-07-17 01:08:22+00:00,btc_mxn,1155540.0,1156340.0,0.069
2024-07-17 01:08:23+00:00,btc_mxn,1155540.0,1156340.0,0.069
2024-07-17 01:08:24+00:00,btc_mxn,1155540.0,1156340.0,0.069
2024-07-17 01:08:25+00:00,btc_mxn,1155540.0,1156340.0,0.069
2024-07-17 01:08:26+00:00,btc_mxn,1155540.0,1156340.0,0.069
2024-07-17 01:08:27+00:00,btc_mxn,1154820.0,1156340.0,0.131
2024-07-17 01:08:28+00:00,btc_mxn,1154820.0,1156340.0,0.131
2024-07-17 01:08:29+00:00,btc_mxn,1155620.0,1156340.0,0.062
2024-07-17 01:08:30+00:00,btc_mxn,1155660.0,1156340.0,0.059
2024-07-17 01:08:31+00:00,btc_mxn,1155660.0,1156340.0,0.059
2024-07-17 01:08:32+00:00,btc_mxn,1155660.0,1156340.0,0.059
2024-07-17 01:08:33+00:00,btc_mxn,1155450.0,1156340.0,0.077
2024-07-17 01:08:34+00:00,btc_mxn,1155450.0,1156340.0,0.077
2024-07-17 01:08:35+00:00,btc_mxn,1155450.0,1156340.0,0.077
2024-07-17 01:08:36+00:00,btc_mxn,1155450.0,1156340.0,0.077
2024-07-17 01:08:37+00:00,btc_mxn,1155450.0,1156340.0,0.077
2024-07-17 01:08:38+00:00,btc_mxn,1155450.0,1156340.0,0.077
2024-07-17 01:08:39+00:00,btc_mxn,1155450.0,1156340.0,0.077
2024-07-17 01:08:40+00:00,btc_mxn,1155450.0,1156340.0,0.077
2024-07-17 01:08:41+00:00,btc_mxn,1155450.0,1156340.0,0.077
2024-07-17 01:08:42+00:00,btc_mxn,1155450.0,1156340.0,0.077
2024-07-17 01:08:43+00:00,btc_mxn,1155780.0,1156340.0,0.048
2024-07-17 01:08:44+00:00,btc_mxn,1155780.0,1156340.0,0.048
2024-07-17 01:08:45+00:00,btc_mxn,1155780.0,1156340.0,0.048
2024-07-17 01:08:46+00:00,btc_mxn,1155820.0,1156340.0,0.045
2024-07-17 01:08:47+00:00,btc_mxn,1155820.0,1156340.0,0.045
2024-07-17 01:08:48+00:00,btc_mxn,1155820.0,1156340.0,0.045
2024-07-17 01:08:49+00:00,btc_mxn,1155820.0,1156340.0,0.045
2024-07-17 01:08:50+00:00,btc_mxn,1155820.0,1156340.0,0.045
2024-07-17 01:08:51+00:00,btc_mxn,1155820.0,1156340.0,0.045
2024-07-17 01:08:52+00:00,btc_mxn,1155820.0,1156340.0,0.045
2024-07-17 01:08:53+00:00,btc_mxn,1155820.0,1156340.0,0.045
2024-07-17 01:08:54+00:00,btc_mxn,1155820.0,1156340.0,0.045
2024-07-17 01:08:55+00:00,btc_mxn,1155820.0,1156340.0,0.045
2024-07-17 01:08:56+00:00,btc_mxn,1155820.0,1156340.0,0.045
2024-07-17 01:08:57+00:00,btc_mxn,1155820.0,1156340.0,0.045
2024-07-17 01:08:59+00:00,btc_mxn,1155820.0,1156340.0,0.045
2024-07-17 01:08:59+00:00,btc_mxn,1155820.0,1156340.0,0.045
2024-07-17 01:09:01+00:00,btc_mxn,1155820.0,1156340.0,0.045
2024-07-17 01:09:02+00:00,btc_mxn,1155820.0,1156340.0,0.045
2024-07-17 01:09:03+00:00,btc_mxn,1155820.0,1156340.0,0.045
2024-07-17 01:09:04+00:00,btc_mxn,1155820.0,1156340.0,0.045
2024-07-17 01:09:05+00:00,btc_mxn,1155820.0,1156340.0,0.045
2024-07-17 01:09:06+00:00,btc_mxn,1155820.0,1156340.0,0.045
2024-07-17 01:09:07+00:00,btc_mxn,1155820.0,1156340.0,0.045
2024-07-17 01:09:08+00:00,btc_mxn,1155820.0,1156340.0,0.045
2024-07-17 01:09:09+00:00,btc_mxn,1155820.0,1156340.0,0.045
2024-07-17 01:09:10+00:00,btc_mxn,1155820.0,1156340.0,0.045
2024-07-17 01:09:11+00:00,btc_mxn,1155820.0,1156340.0,0.045
2024-07-17 01:09:12+00:00,btc_mxn,1155820.0,1156340.0,0.045
2024-07-17 01:09:13+00:00,btc_mxn,1155820.0,1156340.0,0.045
2024-07-17 01:09:14+00:00,btc_mxn,1155820.0,1156340.0,0.045
2024-07-17 01:09:15+00:00,btc_mxn,1155820.0,1156340.0,0.045
2024-07-17 01:09:16+00:00,btc_mxn,1155820.0,1156340.0,0.045
2024-07-17 01:09:17+00:00,btc_mxn,1155820.0,1156340.0,0.045
2024-07-17 01:09:18+00:00,btc_mxn,1155820.0,1156340.0,0.045
2024-07-17 01:09:19+00:00,btc_mxn,1155820.0,1156340.0,0.045
2024-07-17 01:09:20+00:00,btc_mxn,1155820.0,1156340.0,0.045
2024-07-17 01:09:21+00:00,btc_mxn,1155820.0,1156340.0,0.045
2024-07-17 01:09:22+00:00,btc_mxn,1156450.0,1157250.0,0.069
2024-07-17 01:09:23+00:00,btc_mxn,1156450.0,1157250.0,0.069
2024-07-17 01:09:24+00:00,btc_mxn,1156450.0,1157250.0,0.069
2024-07-17 01:09:25+00:00,btc_mxn,1156450.0,1157250.0,0.069
2024-07-17 01:09:26+00:00,btc_mxn,1156450.0,1157250.0,0.069
2024-07-17 01:09:27+00:00,btc_mxn,1156450.0,1157250.0,0.069
2024-07-17 01:09:28+00:00,btc_mxn,1156450.0,1157250.0,0.069
2024-07-17 01:09:29+00:00,btc_mxn,1156450.0,1157250.0,0.069
2024-07-17 01:09:30+00:00,btc_mxn,1156450.0,1157250.0,0.069
2024-07-17 01:09:31+00:00,btc_mxn,1156450.0,1157250.0,0.069
2024-07-17 01:09:32+00:00,btc_mxn,1156450.0,1157250.0,0.069
2024-07-17 01:09:33+00:00,btc_mxn,1156450.0,1157360.0,0.079
2024-07-17 01:09:34+00:00,btc_mxn,1156670.0,1157360.0,0.06
2024-07-17 01:09:35+00:00,btc_mxn,1156670.0,1157360.0,0.06
2024-07-17 01:09:36+00:00,btc_mxn,1156670.0,1157360.0,0.06
2024-07-17 01:09:37+00:00,btc_mxn,1156670.0,1157360.0,0.06
2024-07-17 01:09:38+00:00,btc_mxn,1156670.0,1157360.0,0.06
2024-07-17 01:09:39+00:00,btc_mxn,1156670.0,1157360.0,0.06
2024-07-17 01:09:40+00:00,btc_mxn,1156740.0,1157360.0,0.054
2024-07-17 01:09:41+00:00,btc_mxn,1156740.0,1157360.0,0.054
2024-07-17 01:09:42+00:00,btc_mxn,1156740.0,1157360.0,0.054
2024-07-17 01:09:43+00:00,btc_mxn,1156740.0,1157360.0,0.054
2024-07-17 01:09:44+00:00,btc_mxn,1156840.0,1157360.0,0.045
2024-07-17 01:09:45+00:00,btc_mxn,1156840.0,1157360.0,0.045
2024-07-17 01:09:46+00:00,btc_mxn,1156840.0,1157360.0,0.045
2024-07-17 01:09:47+00:00,btc_mxn,1156840.0,1157360.0,0.045
2024-07-17 01:09:49+00:00,btc_mxn,1156910.0,1157360.0,0.039
2024-07-17 01:09:49+00:00,btc_mxn,1156950.0,1157360.0,0.035
2024-07-17 01:09:50+00:00,btc_mxn,1157010.0,1157360.0,0.03
2024-07-17 01:09:51+00:00,btc_mxn,1157010.0,1157360.0,0.03
2024-07-17 01:09:52+00:00,btc_mxn,1157010.0,1157360.0,0.03
2024-07-17 01:09:53+00:00,btc_mxn,1157010.0,1157360.0,0.03
2024-07-17 01:09:54+00:00,btc_mxn,1157010.0,1157360.0,0.03
2024-07-17 01:09:55+00:00,btc_mxn,1157010.0,1157360.0,0.03
2024-07-17 01:09:56+00:00,btc_mxn,1157010.0,1157360.0,0.03
2024-07-17 01:09:57+00:00,btc_mxn,1157010.0,1157360.0,0.03
2024-07-17 01:09:58+00:00,btc_mxn,1157010.0,1157360.0,0.03
2024-07-17 01:09:59+00:00,btc_mxn,1157010.0,1157360.0,0.03
2024-07-17 01:10:00+00:00,btc_mxn,1157010.0,1157360.0,0.03
2024-07-17 01:10:01+00:00,btc_mxn,1157010.0,1157360.0,0.03
2024-07-17 01:10:02+00:00,btc_mxn,1157010.0,1157360.0,0.03
2024-07-17 01:10:03+00:00,btc_mxn,1157010.0,1157360.0,0.03
2024-07-17 01:10:04+00:00,btc_mxn,1157010.0,1157360.0,0.03
2024-07-17 01:10:05+00:00,btc_mxn,1157010.0,1157360.0,0.03
2024-07-17 01:10:06+00:00,btc_mxn,1157010.0,1157360.0,0.03
2024-07-17 01:10:07+00:00,btc_mxn,1157010.0,1157360.0,0.03
2024-07-17 01:10:08+00:00,btc_mxn,1157010.0,1157360.0,0.03
2024-07-17 01:10:09+00:00,btc_mxn,1157010.0,1157360.0,0.03
2024-07-17 01:10:11+00:00,btc_mxn,1157010.0,1157360.0,0.03
2024-07-17 01:10:12+00:00,btc_mxn,1157010.0,1157360.0,0.03
2024-07-17 01:10:13+00:00,btc_mxn,1157010.0,1157360.0,0.03
2024-07-17 01:10:14+00:00,btc_mxn,1157010.0,1157360.0,0.03
2024-07-17 01:10:15+00:00,btc_mxn,1157010.0,1157360.0,0.03
2024-07-17 01:10:16+00:00,btc_mxn,1157010.0,1157360.0,0.03
2024-07-17 01:10:17+00:00,btc_mxn,1157010.0,1157360.0,0.03
2024-07-17 01:10:18+00:00,btc_mxn,1157610.0,1158490.0,0.076
2024-07-17 01:10:19+00:00,btc_mxn,1157630.0,1158490.0,0.074
2024-07-17 01:10:20+00:00,btc_mxn,1157690.0,1158490.0,0.069
2024-07-17 01:10:21+00:00,btc_mxn,1157670.0,1158490.0,0.071
2024-07-17 01:10:22+00:00,btc_mxn,1157710.0,1158490.0,0.067
2024-07-17 01:10:23+00:00,btc_mxn,1157710.0,1158490.0,0.067
2024-07-17 01:10:24+00:00,btc_mxn,1157710.0,1158490.0,0.067
2024-07-17 01:10:25+00:00,btc_mxn,1157760.0,1158490.0,0.063
2024-07-17 01:10:26+00:00,btc_mxn,1157760.0,1158490.0,0.063
2024-07-17 01:10:27+00:00,btc_mxn,1157760.0,1158490.0,0.063
2024-07-17 01:10:28+00:00,btc_mxn,1157760.0,1158490.0,0.063
2024-07-17 01:10:29+00:00,btc_mxn,1157760.0,1158490.0,0.063
2024-07-17 01:10:30+00:00,btc_mxn,1157840.0,1158490.0,0.056
2024-07-17 01:10:31+00:00,btc_mxn,1157840.0,1158490.0,0.056
2024-07-17 01:10:32+00:00,btc_mxn,1157840.0,1158490.0,0.056
2024-07-17 01:10:33+00:00,btc_mxn,1157880.0,1158490.0,0.053
2024-07-17 01:10:34+00:00,btc_mxn,1157880.0,1158490.0,0.053
2024-07-17 01:10:35+00:00,btc_mxn,1157880.0,1158490.0,0.053
2024-07-17 01:10:36+00:00,btc_mxn,1157880.0,1158490.0,0.053
2024-07-17 01:10:37+00:00,btc_mxn,1157880.0,1158490.0,0.053
2024-07-17 01:10:38+00:00,btc_mxn,1157930.0,1158490.0,0.048
2024-07-17 01:10:39+00:00,btc_mxn,1157930.0,1158490.0,0.048
2024-07-17 01:10:40+00:00,btc_mxn,1157930.0,1158490.0,0.048
2024-07-17 01:10:41+00:00,btc_mxn,1157930.0,1158490.0,0.048
2024-07-17 01:10:42+00:00,btc_mxn,1157930.0,1158490.0,0.048
2024-07-17 01:10:43+00:00,btc_mxn,1157930.0,1158490.0,0.048
2024-07-17 01:10:44+00:00,btc_mxn,1158110.0,1159000.0,0.077
2024-07-17 01:10:45+00:00,btc_mxn,1158130.0,1159000.0,0.075
2024-07-17 01:10:46+00:00,btc_mxn,1158130.0,1159000.0,0.075
2024-07-17 01:10:47+00:00,btc_mxn,1158190.0,1159000.0,0.07
2024-07-17 01:10:48+00:00,btc_mxn,1158190.0,1159000.0,0.07
2024-07-17 01:10:49+00:00,btc_mxn,1158260.0,1159000.0,0.064
2024-07-17 01:10:50+00:00,btc_mxn,1158290.0,1159000.0,0.061
2024-07-17 01:10:51+00:00,btc_mxn,1158290.0,1159000.0,0.061
2024-07-17 01:10:52+00:00,btc_mxn,1158290.0,1159000.0,0.061
2024-07-17 01:10:53+00:00,btc_mxn,1158290.0,1159000.0,0.061
2024-07-17 01:10:54+00:00,btc_mxn,1158290.0,1159000.0,0.061
2024-07-17 01:10:55+00:00,btc_mxn,1158290.0,1159000.0,0.061
2024-07-17 01:10:56+00:00,btc_mxn,1158290.0,1159000.0,0.061
2024-07-17 01:10:57+00:00,btc_mxn,1158290.0,1159000.0,0.061
2024-07-17 01:10:58+00:00,btc_mxn,1158290.0,1159000.0,0.061
2024-07-17 01:10:59+00:00,btc_mxn,1158290.0,1159000.0,0.061
2024-07-17 01:11:00+00:00,btc_mxn,1158290.0,1159000.0,0.061
2024-07-17 01:11:01+00:00,btc_mxn,1158290.0,1159000.0,0.061
2024-07-17 01:11:02+00:00,btc_mxn,1158290.0,1159000.0,0.061
2024-07-17 01:11:03+00:00,btc_mxn,1158290.0,1159000.0,0.061
2024-07-17 01:11:04+00:00,btc_mxn,1158290.0,1159000.0,0.061
2024-07-17 01:11:05+00:00,btc_mxn,1158290.0,1159000.0,0.061
2024-07-17 01:11:06+00:00,btc_mxn,1158290.0,1159000.0,0.061
2024-07-17 01:11:07+00:00,btc_mxn,1158290.0,1159000.0,0.061
2024-07-17 01:11:08+00:00,btc_mxn,1158290.0,1159000.0,0.061
2024-07-17 01:11:10+00:00,btc_mxn,1158290.0,1159000.0,0.061
2024-07-17 01:11:10+00:00,btc_mxn,1158290.0,1159000.0,0.061
2024-07-17 01:11:11+00:00,btc_mxn,1158290.0,1159000.0,0.061
2024-07-17 01:11:13+00:00,btc_mxn,1158290.0,1159000.0,0.061
2024-07-17 01:11:14+00:00,btc_mxn,1158290.0,1159000.0,0.061
2024-07-17 01:11:15+00:00,btc_mxn,1158290.0,1159000.0,0.061
2024-07-17 01:11:16+00:00,btc_mxn,1158290.0,1159000.0,0.061
2024-07-17 01:11:17+00:00,btc_mxn,1158820.0,1159000.0,0.016
2024-07-17 01:11:18+00:00,btc_mxn,1158820.0,1159000.0,0.016
2024-07-17 01:11:19+00:00,btc_mxn,1158820.0,1159000.0,0.016
2024-07-17 01:11:20+00:00,btc_mxn,1158870.0,1159000.0,0.011
2024-07-17 01:11:21+00:00,btc_mxn,1158870.0,1159000.0,0.011
2024-07-17 01:11:22+00:00,btc_mxn,1158870.0,1159000.0,0.011
2024-07-17 01:11:23+00:00,btc_mxn,1158870.0,1159000.0,0.011
2024-07-17 01:11:24+00:00,btc_mxn,1158870.0,1159000.0,0.011
2024-07-17 01:11:25+00:00,btc_mxn,1158870.0,1159000.0,0.011
2024-07-17 01:11:26+00:00,btc_mxn,1158870.0,1159000.0,0.011
2024-07-17 01:11:27+00:00,btc_mxn,1158870.0,1159000.0,0.011
2024-07-17 01:11:28+00:00,btc_mxn,1158870.0,1159000.0,0.011
2024-07-17 01:11:29+00:00,btc_mxn,1158950.0,1159000.0,0.004
2024-07-17 01:11:30+00:00,btc_mxn,1158950.0,1159000.0,0.004
2024-07-17 01:11:31+00:00,btc_mxn,1158950.0,1159000.0,0.004
2024-07-17 01:11:32+00:00,btc_mxn,1158950.0,1159000.0,0.004
2024-07-17 01:11:33+00:00,btc_mxn,1158950.0,1159000.0,0.004
2024-07-17 01:11:34+00:00,btc_mxn,1158950.0,1159000.0,0.004
2024-07-17 01:11:35+00:00,btc_mxn,1158950.0,1159000.0,0.004
2024-07-17 01:11:36+00:00,btc_mxn,1158950.0,1159000.0,0.004
2024-07-17 01:11:37+00:00,btc_mxn,1158950.0,1159000.0,0.004
2024-07-17 01:11:38+00:00,btc_mxn,1158950.0,1159000.0,0.004
2024-07-17 01:11:39+00:00,btc_mxn,1158950.0,1159000.0,0.004
2024-07-17 01:11:40+00:00,btc_mxn,1158950.0,1159000.0,0.004
2024-07-17 01:11:41+00:00,btc_mxn,1158950.0,1159000.0,0.004
2024-07-17 01:11:42+00:00,btc_mxn,1158960.0,1159000.0,0.003
2024-07-17 01:11:43+00:00,btc_mxn,1158960.0,1159000.0,0.003
2024-07-17 01:11:44+00:00,btc_mxn,1158960.0,1159000.0,0.003
2024-07-17 01:11:45+00:00,btc_mxn,1158960.0,1159000.0,0.003
2024-07-17 01:11:46+00:00,btc_mxn,1159080.0,1159600.0,0.045
2024-07-17 01:11:47+00:00,btc_mxn,1159080.0,1159600.0,0.045
2024-07-17 01:11:48+00:00,btc_mxn,1159120.0,1159600.0,0.041
2024-07-17 01:11:49+00:00,btc_mxn,1159120.0,1159600.0,0.041
2024-07-17 01:11:50+00:00,btc_mxn,1159120.0,1159600.0,0.041
2024-07-17 01:11:51+00:00,btc_mxn,1159120.0,1159600.0,0.041
2024-07-17 01:11:52+00:00,btc_mxn,1159120.0,1159600.0,0.041
2024-07-17 01:11:53+00:00,btc_mxn,1159120.0,1159600.0,0.041
2024-07-17 01:11:54+00:00,btc_mxn,1159120.0,1159600.0,0.041
2024-07-17 01:11:55+00:00,btc_mxn,1159120.0,1159600.0,0.041
2024-07-17 01:11:56+00:00,btc_mxn,1159120.0,1159600.0,0.041
2024-07-17 01:11:57+00:00,btc_mxn,1159120.0,1159600.0,0.041
2024-07-17 01:11:58+00:00,btc_mxn,1159120.0,1159600.0,0.041
2024-07-17 01:11:59+00:00,btc_mxn,1159120.0,1159600.0,0.041
2024-07-17 01:12:00+00:00,btc_mxn,1159120.0,1159600.0,0.041
2024-07-17 01:12:01+00:00,btc_mxn,1159120.0,1159600.0,0.041
2024-07-17 01:12:02+00:00,btc_mxn,1159120.0,1159600.0,0.041
2024-07-17 01:12:03+00:00,btc_mxn,1159120.0,1159600.0,0.041
2024-07-17 01:12:04+00:00,btc_mxn,1159120.0,1159600.0,0.041
2024-07-17 01:12:05+00:00,btc_mxn,1159120.0,1159600.0,0.041
2024-07-17 01:12:06+00:00,btc_mxn,1159120.0,1159600.0,0.041
2024-07-17 01:12:07+00:00,btc_mxn,1159120.0,1159600.0,0.041
2024-07-17 01:12:08+00:00,btc_mxn,1159999.98,1160000.02,0.0
2024-07-17 01:12:09+00:00,btc_mxn,1159999.98,1160000.02,0.0
2024-07-17 01:12:10+00:00,btc_mxn,1159999.98,1160000.02,0.0
2024-07-17 01:12:12+00:00,btc_mxn,1159999.98,1160000.02,0.0
2024-07-17 01:12:13+00:00,btc_mxn,1159999.98,1160000.02,0.0
2024-07-17 01:12:14+00:00,btc_mxn,1159999.98,1160000.02,0.0
2024-07-17 01:12:15+00:00,btc_mxn,1159999.98,1160000.02,0.0
2024-07-17 01:12:16+00:00,btc_mxn,1159999.98,1160000.02,0.0
2024-07-17 01:12:17+00:00,btc_mxn,1159999.98,1160000.02,0.0
2024-07-17 01:12:18+00:00,btc_mxn,1159999.98,1160000.02,0.0
2024-07-17 01:12:19+00:00,btc_mxn,1159999.98,1160000.02,0.0
2024-07-17 01:12:20+00:00,btc_mxn,1159999.98,1160000.02,0.0
2024-07-17 01:12:21+00:00,btc_mxn,1159999.98,1160000.02,0.0
2024-07-17 01:12:22+00:00,btc_mxn,1159999.98,1160000.02,0.0
2024-07-17 01:12:23+00:00,btc_mxn,1159999.98,1160000.02,0.0
2024-07-17 01:12:24+00:00,btc_mxn,1159999.98,1160000.02,0.0
2024-07-17 01:12:25+00:00,btc_mxn,1159999.98,1160000.02,0.0
2024-07-17 01:12:26+00:00,btc_mxn,1159999.98,1160000.02,0.0
2024-07-17 01:12:27+00:00,btc_mxn,1159999.98,1160000.02,0.0
2024-07-17 01:12:28+00:00,btc_mxn,1159999.98,1160000.02,0.0
2024-07-17 01:12:29+00:00,btc_mxn,1159999.98,1160000.02,0.0
2024-07-17 01:12:30+00:00,btc_mxn,1159999.98,1160000.02,0.0
2024-07-17 01:12:31+00:00,btc_mxn,1159999.98,1160000.02,0.0
2024-07-17 01:12:32+00:00,btc_mxn,1159999.98,1160000.02,0.0
2024-07-17 01:12:33+00:00,btc_mxn,1159999.98,1160000.02,0.0
2024-07-17 01:12:34+00:00,btc_mxn,1159999.98,1160000.02,0.0
2024-07-17 01:12:35+00:00,btc_mxn,1159999.98,1160000.02,0.0
2024-07-17 01:12:36+00:00,btc_mxn,1159999.98,1160000.02,0.0
2024-07-17 01:12:37+00:00,btc_mxn,1159999.98,1160000.02,0.0
2024-07-17 01:12:38+00:00,btc_mxn,1159999.98,1160000.02,0.0
2024-07-17 01:12:39+00:00,btc_mxn,1159999.98,1160000.02,0.0
2024-07-17 01:12:40+00:00,btc_mxn,1159999.98,1160000.02,0.0
2024-07-17 01:12:41+00:00,btc_mxn,1159999.98,1160000.02,0.0
2024-07-17 01:12:42+00:00,btc_mxn,1159999.98,1160000.02,0.0
2024-07-17 01:12:43+00:00,btc_mxn,1159999.98,1160000.02,0.0
2024-07-17 01:12:44+00:00,btc_mxn,1159999.98,1160000.02,0.0
2024-07-17 01:12:45+00:00,btc_mxn,1159999.98,1160000.02,0.0
2024-07-17 01:12:46+00:00,btc_mxn,1159999.98,1160000.02,0.0
2024-07-17 01:12:47+00:00,btc_mxn,1159999.98,1160000.02,0.0
2024-07-17 01:12:48+00:00,btc_mxn,1159999.98,1160000.02,0.0
2024-07-17 01:12:49+00:00,btc_mxn,1159999.98,1160000.02,0.0
2024-07-17 01:12:50+00:00,btc_mxn,1159999.98,1160000.02,0.0
2024-07-17 01:12:51+00:00,btc_mxn,1159999.98,1160000.02,0.0
2024-07-17 01:12:52+00:00,btc_mxn,1159999.98,1160000.02,0.0
2024-07-17 01:12:53+00:00,btc_mxn,1159999.98,1160000.02,0.0
2024-07-17 01:12:54+00:00,btc_mxn,1159999.98,1160000.02,0.0
2024-07-17 01:12:55+00:00,btc_mxn,1159999.98,1160000.02,0.0
2024-07-17 01:12:56+00:00,btc_mxn,1159999.98,1160000.02,0.0
2024-07-17 01:12:57+00:00,btc_mxn,1159999.98,1160000.02,0.0
2024-07-17 01:12:58+00:00,btc_mxn,1159999.98,1160000.02,0.0
2024-07-17 01:12:59+00:00,btc_mxn,1159999.98,1160000.02,0.0
2024-07-17 01:13:00+00:00,btc_mxn,1159999.98,1160000.02,0.0
2024-07-17 01:13:01+00:00,btc_mxn,1159999.98,1160000.02,0.0
2024-07-17 01:13:02+00:00,btc_mxn,1159999.98,1160000.02,0.0
2024-07-17 01:13:03+00:00,btc_mxn,1159999.98,1160000.02,0.0
2024-07-17 01:13:04+00:00,btc_mxn,1159999.98,1160000.02,0.0
2024-07-17 01:13:05+00:00,btc_mxn,1159999.98,1160000.02,0.0
2024-07-17 01:13:06+00:00,btc_mxn,1159999.98,1160000.02,0.0
2024-07-17 01:13:07+00:00,btc_mxn,1159999.98,1160000.02,0.0
2024-07-17 01:13:08+00:00,btc_mxn,1159999.98,1160000.02,0.0
2024-07-17 01:13:09+00:00,btc_mxn,1159999.98,1160000.02,0.0
2024-07-17 01:13:10+00:00,btc_mxn,1159999.98,1160000.02,0.0
2024-07-17 01:13:11+00:00,btc_mxn,1159999.98,1160000.02,0.0
2024-07-17 01:13:12+00:00,btc_mxn,1159999.98,1160000.02,0.0
2024-07-17 01:13:13+00:00,btc_mxn,1159999.98,1160000.02,0.0
2024-07-17 01:13:14+00:00,btc_mxn,1159999.98,1160000.02,0.0
2024-07-17 01:13:15+00:00,btc_mxn,1159999.98,1160000.02,0.0
2024-07-17 01:13:17+00:00,btc_mxn,1159999.98,1160000.02,0.0
2024-07-17 01:13:18+00:00,btc_mxn,1159999.98,1160000.02,0.0
2024-07-17 01:13:19+00:00,btc_mxn,1159999.98,1160000.02,0.0
2024-07-17 01:13:20+00:00,btc_mxn,1159999.98,1160000.02,0.0
2024-07-17 01:13:21+00:00,btc_mxn,1159999.98,1160000.02,0.0
2024-07-17 01:13:22+00:00,btc_mxn,1159999.98,1160000.02,0.0
2024-07-17 01:13:23+00:00,btc_mxn,1160100.0,1162230.0,0.183
2024-07-17 01:13:24+00:00,btc_mxn,1160100.0,1162230.0,0.183
2024-07-17 01:13:25+00:00,btc_mxn,1160100.0,1162230.0,0.183
2024-07-17 01:13:26+00:00,btc_mxn,1160100.0,1162230.0,0.183
2024-07-17 01:13:27+00:00,btc_mxn,1160100.0,1162230.0,0.183
2024-07-17 01:13:28+00:00,btc_mxn,1160100.0,1162230.0,0.183
2024-07-17 01:13:29+00:00,btc_mxn,1160160.0,1162230.0,0.178
2024-07-17 01:13:30+00:00,btc_mxn,1160160.0,1162230.0,0.178
2024-07-17 01:13:31+00:00,btc_mxn,1160160.0,1162230.0,0.178
2024-07-17 01:13:32+00:00,btc_mxn,1160160.0,1162230.0,0.178
2024-07-17 01:13:33+00:00,btc_mxn,1160160.0,1162230.0,0.178
2024-07-17 01:13:34+00:00,btc_mxn,1160160.0,1162230.0,0.178
2024-07-17 01:13:35+00:00,btc_mxn,1160160.0,1162230.0,0.178
2024-07-17 01:13:36+00:00,btc_mxn,1160160.0,1162230.0,0.178
2024-07-17 01:13:37+00:00,btc_mxn,1160160.0,1162230.0,0.178
2024-07-17 01:13:38+00:00,btc_mxn,1160160.0,1162230.0,0.178
2024-07-17 01:13:39+00:00,btc_mxn,1160100.0,1162230.0,0.183
2024-07-17 01:13:40+00:00,btc_mxn,1160100.0,1162230.0,0.183
2024-07-17 01:13:41+00:00,btc_mxn,1160100.0,1162230.0,0.183
2024-07-17 01:13:42+00:00,btc_mxn,1160100.0,1162230.0,0.183
2024-07-17 01:13:43+00:00,btc_mxn,1160100.0,1162230.0,0.183
2024-07-17 01:13:44+00:00,btc_mxn,1160100.0,1162230.0,0.183
2024-07-17 01:13:45+00:00,btc_mxn,1160100.0,1163590.0,0.3
2024-07-17 01:13:46+00:00,btc_mxn,1160100.0,1163590.0,0.3
2024-07-17 01:13:47+00:00,btc_mxn,1160100.0,1163590.0,0.3
2024-07-17 01:13:48+00:00,btc_mxn,1160100.0,1163590.0,0.3
2024-07-17 01:13:49+00:00,btc_mxn,1160100.0,1163590.0,0.3
2024-07-17 01:13:50+00:00,btc_mxn,1160100.0,1161460.0,0.117
2024-07-17 01:13:51+00:00,btc_mxn,1160100.0,1161460.0,0.117
2024-07-17 01:13:52+00:00,btc_mxn,1160100.0,1161460.0,0.117
2024-07-17 01:13:53+00:00,btc_mxn,1160100.0,1161460.0,0.117
2024-07-17 01:13:54+00:00,btc_mxn,1160100.0,1161460.0,0.117
2024-07-17 01:13:55+00:00,btc_mxn,1160100.0,1161460.0,0.117
2024-07-17 01:13:56+00:00,btc_mxn,1160100.0,1161460.0,0.117
2024-07-17 01:13:57+00:00,btc_mxn,1160100.0,1161460.0,0.117
2024-07-17 01:13:58+00:00,btc_mxn,1160100.0,1161460.0,0.117
2024-07-17 01:13:59+00:00,btc_mxn,1160100.0,1161460.0,0.117
2024-07-17 01:14:00+00:00,btc_mxn,1160100.0,1161460.0,0.117
2024-07-17 01:14:01+00:00,btc_mxn,1160100.0,1161460.0,0.117
2024-07-17 01:14:02+00:00,btc_mxn,1160100.0,1161460.0,0.117
2024-07-17 01:14:03+00:00,btc_mxn,1160100.0,1161460.0,0.117
2024-07-17 01:14:04+00:00,btc_mxn,1160100.0,1161460.0,0.117
2024-07-17 01:14:06+00:00,btc_mxn,1160100.0,1161460.0,0.117
2024-07-17 01:14:06+00:00,btc_mxn,1160100.0,1161460.0,0.117
2024-07-17 01:14:08+00:00,btc_mxn,1160100.0,1161460.0,0.117
2024-07-17 01:14:09+00:00,btc_mxn,1160100.0,1161460.0,0.117
2024-07-17 01:14:10+00:00,btc_mxn,1160100.0,1161460.0,0.117
2024-07-17 01:14:11+00:00,btc_mxn,1160100.0,1161460.0,0.117
2024-07-17 01:14:12+00:00,btc_mxn,1160100.0,1161460.0,0.117
2024-07-17 01:14:13+00:00,btc_mxn,1160100.0,1161460.0,0.117
2024-07-17 01:14:14+00:00,btc_mxn,1160100.0,1161460.0,0.117
2024-07-17 01:14:15+00:00,btc_mxn,1160100.0,1161460.0,0.117
2024-07-17 01:14:16+00:00,btc_mxn,1160100.0,1161460.0,0.117
2024-07-17 01:14:17+00:00,btc_mxn,1159999.98,1161460.0,0.126
2024-07-17 01:14:18+00:00,btc_mxn,1159999.98,1161460.0,0.126
2024-07-17 01:14:19+00:00,btc_mxn,1159999.98,1160700.0,0.06
2024-07-17 01:14:20+00:00,btc_mxn,1159999.98,1160700.0,0.06
2024-07-17 01:14:21+00:00,btc_mxn,1159999.98,1160700.0,0.06
2024-07-17 01:14:22+00:00,btc_mxn,1159999.98,1160700.0,0.06
2024-07-17 01:14:23+00:00,btc_mxn,1159999.98,1160700.0,0.06
2024-07-17 01:14:24+00:00,btc_mxn,1159999.98,1160700.0,0.06
