orderbook_timestamp,book,bid,ask,spread
2024-07-18 17:23:48+00:00,usd_mxn,17.9,17.92,0.112
2024-07-18 17:23:49+00:00,usd_mxn,17.9,17.92,0.112
2024-07-18 17:23:50+00:00,usd_mxn,17.9,17.92,0.112
2024-07-18 17:23:51+00:00,usd_mxn,17.9,17.92,0.112
2024-07-18 17:23:52+00:00,usd_mxn,17.9,17.92,0.112
2024-07-18 17:23:54+00:00,usd_mxn,17.9,17.92,0.112
2024-07-18 17:23:54+00:00,usd_mxn,17.9,17.92,0.112
2024-07-18 17:23:55+00:00,usd_mxn,17.9,17.92,0.112
2024-07-18 17:23:56+00:00,usd_mxn,17.9,17.92,0.112
2024-07-18 17:23:57+00:00,usd_mxn,17.9,17.92,0.112
2024-07-18 17:23:58+00:00,usd_mxn,17.9,17.92,0.112
2024-07-18 17:23:59+00:00,usd_mxn,17.9,17.92,0.112
2024-07-18 17:24:00+00:00,usd_mxn,17.9,17.92,0.112
2024-07-18 17:24:01+00:00,usd_mxn,17.9,17.92,0.112
2024-07-18 17:24:02+00:00,usd_mxn,17.9,17.92,0.112
2024-07-18 17:24:03+00:00,usd_mxn,17.9,17.92,0.112
2024-07-18 17:24:04+00:00,usd_mxn,17.9,17.92,0.112
2024-07-18 17:24:05+00:00,usd_mxn,17.9,17.92,0.112
2024-07-18 17:24:06+00:00,usd_mxn,17.9,17.92,0.112
2024-07-18 17:24:07+00:00,usd_mxn,17.9,17.92,0.112
2024-07-18 17:24:08+00:00,usd_mxn,17.9,17.92,0.112
2024-07-18 17:24:09+00:00,usd_mxn,17.9,17.92,0.112
2024-07-18 17:24:10+00:00,usd_mxn,17.9,17.92,0.112
2024-07-18 17:24:11+00:00,usd_mxn,17.9,17.92,0.112
2024-07-18 17:24:12+00:00,usd_mxn,17.9,17.92,0.112
2024-07-18 17:24:13+00:00,usd_mxn,17.9,17.92,0.112
2024-07-18 17:24:14+00:00,usd_mxn,17.9,17.92,0.112
2024-07-18 17:24:15+00:00,usd_mxn,17.9,17.92,0.112
2024-07-18 17:24:16+00:00,usd_mxn,17.9,17.92,0.112
2024-07-18 17:24:17+00:00,usd_mxn,17.9,17.92,0.112
2024-07-18 17:24:18+00:00,usd_mxn,17.9,17.92,0.112
2024-07-18 17:24:19+00:00,usd_mxn,17.9,17.92,0.112
2024-07-18 17:24:20+00:00,usd_mxn,17.9,17.92,0.112
2024-07-18 17:24:21+00:00,usd_mxn,17.9,17.92,0.112
2024-07-18 17:24:22+00:00,usd_mxn,17.9,17.92,0.112
2024-07-18 17:24:23+00:00,usd_mxn,17.9,17.92,0.112
2024-07-18 17:24:24+00:00,usd_mxn,17.9,17.92,0.112
2024-07-18 17:24:25+00:00,usd_mxn,17.9,17.92,0.112
2024-07-18 17:24:26+00:00,usd_mxn,17.9,17.92,0.112
2024-07-18 17:24:28+00:00,usd_mxn,17.9,17.92,0.112
2024-07-18 17:24:28+00:00,usd_mxn,17.9,17.92,0.112
2024-07-18 17:24:30+00:00,usd_mxn,17.9,17.92,0.112
2024-07-18 17:24:31+00:00,usd_mxn,17.9,17.92,0.112
2024-07-18 17:24:32+00:00,usd_mxn,17.9,17.92,0.112
2024-07-18 17:24:33+00:00,usd_mxn,17.9,17.92,0.112
2024-07-18 17:24:34+00:00,usd_mxn,17.9,17.92,0.112
2024-07-18 17:24:35+00:00,usd_mxn,17.9,17.92,0.112
2024-07-18 17:24:36+00:00,usd_mxn,17.9,17.92,0.112
2024-07-18 17:24:37+00:00,usd_mxn,17.9,17.92,0.112
2024-07-18 17:24:38+00:00,usd_mxn,17.9,17.92,0.112
2024-07-18 17:24:39+00:00,usd_mxn,17.9,17.92,0.112
2024-07-18 17:24:40+00:00,usd_mxn,17.9,17.92,0.112
2024-07-18 17:24:41+00:00,usd_mxn,17.9,17.92,0.112
2024-07-18 17:24:42+00:00,usd_mxn,17.9,17.92,0.112
2024-07-18 17:24:43+00:00,usd_mxn,17.9,17.92,0.112
2024-07-18 17:24:44+00:00,usd_mxn,17.9,17.92,0.112
2024-07-18 17:24:45+00:00,usd_mxn,17.9,17.92,0.112
2024-07-18 17:24:46+00:00,usd_mxn,17.9,17.92,0.112
2024-07-18 17:24:47+00:00,usd_mxn,17.9,17.92,0.112
2024-07-18 17:24:48+00:00,usd_mxn,17.9,17.92,0.112
2024-07-18 17:24:49+00:00,usd_mxn,17.9,17.92,0.112
2024-07-18 17:24:50+00:00,usd_mxn,17.9,17.92,0.112
2024-07-18 17:24:51+00:00,usd_mxn,17.9,17.92,0.112
2024-07-18 17:24:52+00:00,usd_mxn,17.9,17.92,0.112
2024-07-18 17:24:53+00:00,usd_mxn,17.9,17.92,0.112
2024-07-18 17:24:54+00:00,usd_mxn,17.9,17.92,0.112
2024-07-18 17:24:55+00:00,usd_mxn,17.9,17.92,0.112
2024-07-18 17:24:56+00:00,usd_mxn,17.9,17.92,0.112
2024-07-18 17:24:57+00:00,usd_mxn,17.9,17.92,0.112
2024-07-18 17:24:58+00:00,usd_mxn,17.9,17.92,0.112
2024-07-18 17:24:59+00:00,usd_mxn,17.9,17.92,0.112
2024-07-18 17:25:00+00:00,usd_mxn,17.9,17.92,0.112
2024-07-18 17:25:01+00:00,usd_mxn,17.9,17.92,0.112
2024-07-18 17:25:02+00:00,usd_mxn,17.9,17.92,0.112
2024-07-18 17:25:03+00:00,usd_mxn,17.9,17.92,0.112
2024-07-18 17:25:04+00:00,usd_mxn,17.9,17.92,0.112
2024-07-18 17:25:05+00:00,usd_mxn,17.9,17.92,0.112
2024-07-18 17:25:06+00:00,usd_mxn,17.9,17.92,0.112
2024-07-18 17:25:07+00:00,usd_mxn,17.9,17.92,0.112
2024-07-18 17:25:08+00:00,usd_mxn,17.9,17.92,0.112
2024-07-18 17:25:09+00:00,usd_mxn,17.9,17.92,0.112
2024-07-18 17:25:10+00:00,usd_mxn,17.9,17.92,0.112
2024-07-18 17:25:11+00:00,usd_mxn,17.9,17.92,0.112
2024-07-18 17:25:12+00:00,usd_mxn,17.9,17.92,0.112
2024-07-18 17:25:13+00:00,usd_mxn,17.9,17.92,0.112
2024-07-18 17:25:14+00:00,usd_mxn,17.9,17.92,0.112
2024-07-18 17:25:15+00:00,usd_mxn,17.9,17.92,0.112
2024-07-18 17:25:16+00:00,usd_mxn,17.9,17.92,0.112
2024-07-18 17:25:17+00:00,usd_mxn,17.9,17.92,0.112
2024-07-18 17:25:18+00:00,usd_mxn,17.9,17.92,0.112
2024-07-18 17:25:19+00:00,usd_mxn,17.9,17.92,0.112
2024-07-18 17:25:20+00:00,usd_mxn,17.9,17.92,0.112
2024-07-18 17:25:21+00:00,usd_mxn,17.9,17.92,0.112
2024-07-18 17:25:22+00:00,usd_mxn,17.9,17.92,0.112
2024-07-18 17:25:23+00:00,usd_mxn,17.9,17.92,0.112
2024-07-18 17:25:24+00:00,usd_mxn,17.9,17.92,0.112
2024-07-18 17:25:25+00:00,usd_mxn,17.9,17.92,0.112
2024-07-18 17:25:26+00:00,usd_mxn,17.9,17.92,0.112
2024-07-18 17:25:27+00:00,usd_mxn,17.9,17.92,0.112
2024-07-18 17:25:28+00:00,usd_mxn,17.9,17.92,0.112
2024-07-18 17:25:29+00:00,usd_mxn,17.9,17.92,0.112
2024-07-18 17:25:30+00:00,usd_mxn,17.9,17.92,0.112
2024-07-18 17:25:31+00:00,usd_mxn,17.9,17.92,0.112
2024-07-18 17:25:32+00:00,usd_mxn,17.9,17.92,0.112
2024-07-18 17:25:33+00:00,usd_mxn,17.9,17.92,0.112
2024-07-18 17:25:34+00:00,usd_mxn,17.9,17.92,0.112
2024-07-18 17:25:35+00:00,usd_mxn,17.9,17.92,0.112
2024-07-18 17:25:36+00:00,usd_mxn,17.9,17.92,0.112
2024-07-18 17:25:38+00:00,usd_mxn,17.9,17.92,0.112
2024-07-18 17:25:39+00:00,usd_mxn,17.9,17.92,0.112
2024-07-18 17:25:40+00:00,usd_mxn,17.9,17.92,0.112
2024-07-18 17:25:41+00:00,usd_mxn,17.9,17.92,0.112
2024-07-18 17:25:42+00:00,usd_mxn,17.9,17.92,0.112
2024-07-18 17:25:43+00:00,usd_mxn,17.9,17.92,0.112
2024-07-18 17:25:44+00:00,usd_mxn,17.9,17.92,0.112
2024-07-18 17:25:45+00:00,usd_mxn,17.9,17.92,0.112
2024-07-18 17:25:46+00:00,usd_mxn,17.9,17.92,0.112
2024-07-18 17:25:47+00:00,usd_mxn,17.9,17.92,0.112
2024-07-18 17:25:48+00:00,usd_mxn,17.9,17.92,0.112
2024-07-18 17:25:49+00:00,usd_mxn,17.9,17.92,0.112
2024-07-18 17:25:50+00:00,usd_mxn,17.9,17.92,0.112
2024-07-18 17:25:51+00:00,usd_mxn,17.9,17.92,0.112
2024-07-18 17:25:52+00:00,usd_mxn,17.9,17.92,0.112
2024-07-18 17:25:53+00:00,usd_mxn,17.9,17.92,0.112
2024-07-18 17:25:54+00:00,usd_mxn,17.9,17.92,0.112
2024-07-18 17:25:55+00:00,usd_mxn,17.9,17.92,0.112
2024-07-18 17:25:56+00:00,usd_mxn,17.9,17.92,0.112
2024-07-18 17:25:57+00:00,usd_mxn,17.9,17.92,0.112
2024-07-18 17:25:58+00:00,usd_mxn,17.9,17.92,0.112
2024-07-18 17:25:59+00:00,usd_mxn,17.9,17.92,0.112
2024-07-18 17:26:00+00:00,usd_mxn,17.89,17.92,0.167
2024-07-18 17:26:01+00:00,usd_mxn,17.89,17.92,0.167
2024-07-18 17:26:02+00:00,usd_mxn,17.89,17.92,0.167
2024-07-18 17:26:03+00:00,usd_mxn,17.89,17.92,0.167
2024-07-18 17:26:04+00:00,usd_mxn,17.89,17.92,0.167
2024-07-18 17:26:05+00:00,usd_mxn,17.9,17.91,0.056
2024-07-18 17:26:06+00:00,usd_mxn,17.9,17.91,0.056
2024-07-18 17:26:07+00:00,usd_mxn,17.9,17.91,0.056
2024-07-18 17:26:08+00:00,usd_mxn,17.9,17.91,0.056
2024-07-18 17:26:09+00:00,usd_mxn,17.9,17.91,0.056
2024-07-18 17:26:10+00:00,usd_mxn,17.9,17.91,0.056
2024-07-18 17:26:11+00:00,usd_mxn,17.9,17.91,0.056
2024-07-18 17:26:12+00:00,usd_mxn,17.9,17.91,0.056
2024-07-18 17:26:13+00:00,usd_mxn,17.9,17.91,0.056
2024-07-18 17:26:14+00:00,usd_mxn,17.9,17.91,0.056
2024-07-18 17:26:15+00:00,usd_mxn,17.9,17.91,0.056
2024-07-18 17:26:16+00:00,usd_mxn,17.9,17.91,0.056
2024-07-18 17:26:17+00:00,usd_mxn,17.9,17.91,0.056
2024-07-18 17:26:19+00:00,usd_mxn,17.9,17.91,0.056
2024-07-18 17:26:20+00:00,usd_mxn,17.9,17.91,0.056
2024-07-18 17:26:21+00:00,usd_mxn,17.9,17.91,0.056
2024-07-18 17:26:22+00:00,usd_mxn,17.9,17.91,0.056
2024-07-18 17:26:23+00:00,usd_mxn,17.9,17.91,0.056
2024-07-18 17:26:24+00:00,usd_mxn,17.9,17.91,0.056
2024-07-18 17:26:25+00:00,usd_mxn,17.9,17.91,0.056
2024-07-18 17:26:26+00:00,usd_mxn,17.9,17.91,0.056
2024-07-18 17:26:27+00:00,usd_mxn,17.9,17.91,0.056
2024-07-18 17:26:28+00:00,usd_mxn,17.9,17.91,0.056
2024-07-18 17:26:29+00:00,usd_mxn,17.9,17.91,0.056
2024-07-18 17:26:30+00:00,usd_mxn,17.9,17.91,0.056
2024-07-18 17:26:31+00:00,usd_mxn,17.9,17.91,0.056
2024-07-18 17:26:32+00:00,usd_mxn,17.9,17.91,0.056
2024-07-18 17:26:33+00:00,usd_mxn,17.9,17.91,0.056
2024-07-18 17:26:34+00:00,usd_mxn,17.9,17.91,0.056
2024-07-18 17:26:36+00:00,usd_mxn,17.9,17.91,0.056
2024-07-18 17:26:36+00:00,usd_mxn,17.9,17.91,0.056
2024-07-18 17:26:37+00:00,usd_mxn,17.9,17.91,0.056
2024-07-18 17:26:38+00:00,usd_mxn,17.9,17.91,0.056
2024-07-18 17:26:39+00:00,usd_mxn,17.9,17.91,0.056
2024-07-18 17:26:40+00:00,usd_mxn,17.9,17.91,0.056
2024-07-18 17:26:41+00:00,usd_mxn,17.9,17.91,0.056
2024-07-18 17:26:42+00:00,usd_mxn,17.9,17.91,0.056
2024-07-18 17:26:43+00:00,usd_mxn,17.9,17.91,0.056
2024-07-18 17:26:44+00:00,usd_mxn,17.9,17.91,0.056
2024-07-18 17:26:45+00:00,usd_mxn,17.9,17.91,0.056
2024-07-18 17:26:46+00:00,usd_mxn,17.9,17.91,0.056
2024-07-18 17:26:47+00:00,usd_mxn,17.9,17.91,0.056
2024-07-18 17:26:48+00:00,usd_mxn,17.9,17.91,0.056
2024-07-18 17:26:49+00:00,usd_mxn,17.9,17.91,0.056
2024-07-18 17:26:50+00:00,usd_mxn,17.9,17.91,0.056
2024-07-18 17:26:51+00:00,usd_mxn,17.9,17.91,0.056
2024-07-18 17:26:52+00:00,usd_mxn,17.9,17.91,0.056
2024-07-18 17:26:53+00:00,usd_mxn,17.9,17.91,0.056
2024-07-18 17:26:54+00:00,usd_mxn,17.9,17.91,0.056
2024-07-18 17:26:55+00:00,usd_mxn,17.9,17.91,0.056
2024-07-18 17:26:56+00:00,usd_mxn,17.9,17.91,0.056
2024-07-18 17:26:57+00:00,usd_mxn,17.9,17.91,0.056
2024-07-18 17:26:58+00:00,usd_mxn,17.9,17.91,0.056
2024-07-18 17:26:59+00:00,usd_mxn,17.9,17.91,0.056
2024-07-18 17:27:00+00:00,usd_mxn,17.9,17.91,0.056
2024-07-18 17:27:01+00:00,usd_mxn,17.9,17.91,0.056
2024-07-18 17:27:02+00:00,usd_mxn,17.9,17.91,0.056
2024-07-18 17:27:03+00:00,usd_mxn,17.9,17.91,0.056
2024-07-18 17:27:04+00:00,usd_mxn,17.9,17.91,0.056
2024-07-18 17:27:05+00:00,usd_mxn,17.9,17.91,0.056
2024-07-18 17:27:07+00:00,usd_mxn,17.9,17.91,0.056
2024-07-18 17:27:07+00:00,usd_mxn,17.9,17.91,0.056
2024-07-18 17:27:08+00:00,usd_mxn,17.9,17.91,0.056
2024-07-18 17:27:09+00:00,usd_mxn,17.9,17.91,0.056
2024-07-18 17:27:10+00:00,usd_mxn,17.9,17.91,0.056
2024-07-18 17:27:11+00:00,usd_mxn,17.9,17.91,0.056
2024-07-18 17:27:12+00:00,usd_mxn,17.9,17.91,0.056
2024-07-18 17:27:14+00:00,usd_mxn,17.9,17.91,0.056
2024-07-18 17:27:15+00:00,usd_mxn,17.9,17.91,0.056
2024-07-18 17:27:16+00:00,usd_mxn,17.9,17.91,0.056
2024-07-18 17:27:16+00:00,usd_mxn,17.9,17.91,0.056
2024-07-18 17:27:18+00:00,usd_mxn,17.9,17.91,0.056
2024-07-18 17:27:19+00:00,usd_mxn,17.9,17.91,0.056
2024-07-18 17:27:20+00:00,usd_mxn,17.9,17.91,0.056
2024-07-18 17:27:21+00:00,usd_mxn,17.9,17.91,0.056
2024-07-18 17:27:22+00:00,usd_mxn,17.9,17.91,0.056
2024-07-18 17:27:23+00:00,usd_mxn,17.9,17.91,0.056
2024-07-18 17:27:24+00:00,usd_mxn,17.9,17.91,0.056
2024-07-18 17:27:25+00:00,usd_mxn,17.9,17.91,0.056
2024-07-18 17:27:26+00:00,usd_mxn,17.9,17.91,0.056
2024-07-18 17:27:27+00:00,usd_mxn,17.9,17.91,0.056
2024-07-18 17:27:28+00:00,usd_mxn,17.9,17.91,0.056
2024-07-18 17:27:29+00:00,usd_mxn,17.9,17.91,0.056
2024-07-18 17:27:30+00:00,usd_mxn,17.9,17.91,0.056
2024-07-18 17:27:31+00:00,usd_mxn,17.9,17.91,0.056
2024-07-18 17:27:32+00:00,usd_mxn,17.9,17.91,0.056
2024-07-18 17:27:33+00:00,usd_mxn,17.9,17.91,0.056
2024-07-18 17:27:34+00:00,usd_mxn,17.9,17.91,0.056
2024-07-18 17:27:35+00:00,usd_mxn,17.9,17.91,0.056
2024-07-18 17:27:36+00:00,usd_mxn,17.9,17.91,0.056
2024-07-18 17:27:37+00:00,usd_mxn,17.9,17.91,0.056
2024-07-18 17:27:38+00:00,usd_mxn,17.9,17.91,0.056
2024-07-18 17:27:39+00:00,usd_mxn,17.9,17.91,0.056
2024-07-18 17:27:40+00:00,usd_mxn,17.9,17.91,0.056
2024-07-18 17:27:41+00:00,usd_mxn,17.9,17.91,0.056
2024-07-18 17:27:42+00:00,usd_mxn,17.9,17.91,0.056
2024-07-18 17:27:43+00:00,usd_mxn,17.9,17.91,0.056
2024-07-18 17:27:44+00:00,usd_mxn,17.9,17.91,0.056
2024-07-18 17:27:45+00:00,usd_mxn,17.9,17.91,0.056
2024-07-18 17:27:46+00:00,usd_mxn,17.9,17.91,0.056
2024-07-18 17:27:47+00:00,usd_mxn,17.9,17.91,0.056
2024-07-18 17:27:48+00:00,usd_mxn,17.9,17.91,0.056
2024-07-18 17:27:49+00:00,usd_mxn,17.9,17.91,0.056
2024-07-18 17:27:50+00:00,usd_mxn,17.9,17.91,0.056
2024-07-18 17:27:51+00:00,usd_mxn,17.9,17.91,0.056
2024-07-18 17:27:52+00:00,usd_mxn,17.9,17.91,0.056
2024-07-18 17:27:53+00:00,usd_mxn,17.9,17.91,0.056
2024-07-18 17:27:54+00:00,usd_mxn,17.9,17.91,0.056
2024-07-18 17:27:55+00:00,usd_mxn,17.9,17.91,0.056
2024-07-18 17:27:56+00:00,usd_mxn,17.9,17.91,0.056
2024-07-18 17:27:57+00:00,usd_mxn,17.9,17.91,0.056
2024-07-18 17:27:58+00:00,usd_mxn,17.9,17.91,0.056
2024-07-18 17:27:59+00:00,usd_mxn,17.9,17.91,0.056
2024-07-18 17:28:00+00:00,usd_mxn,17.9,17.91,0.056
2024-07-18 17:28:01+00:00,usd_mxn,17.9,17.91,0.056
2024-07-18 17:28:02+00:00,usd_mxn,17.9,17.91,0.056
2024-07-18 17:28:03+00:00,usd_mxn,17.9,17.91,0.056
2024-07-18 17:28:04+00:00,usd_mxn,17.9,17.91,0.056
2024-07-18 17:28:05+00:00,usd_mxn,17.9,17.91,0.056
2024-07-18 17:28:06+00:00,usd_mxn,17.9,17.91,0.056
2024-07-18 17:28:07+00:00,usd_mxn,17.9,17.91,0.056
2024-07-18 17:28:08+00:00,usd_mxn,17.9,17.91,0.056
2024-07-18 17:28:09+00:00,usd_mxn,17.9,17.91,0.056
2024-07-18 17:28:10+00:00,usd_mxn,17.9,17.91,0.056
2024-07-18 17:28:11+00:00,usd_mxn,17.9,17.91,0.056
2024-07-18 17:28:12+00:00,usd_mxn,17.9,17.91,0.056
2024-07-18 17:28:13+00:00,usd_mxn,17.9,17.91,0.056
2024-07-18 17:28:14+00:00,usd_mxn,17.9,17.91,0.056
2024-07-18 17:28:15+00:00,usd_mxn,17.9,17.91,0.056
2024-07-18 17:28:17+00:00,usd_mxn,17.9,17.91,0.056
2024-07-18 17:28:18+00:00,usd_mxn,17.9,17.91,0.056
2024-07-18 17:28:19+00:00,usd_mxn,17.9,17.91,0.056
2024-07-18 17:28:20+00:00,usd_mxn,17.9,17.91,0.056
2024-07-18 17:28:21+00:00,usd_mxn,17.9,17.91,0.056
2024-07-18 17:28:22+00:00,usd_mxn,17.9,17.91,0.056
2024-07-18 17:28:23+00:00,usd_mxn,17.9,17.91,0.056
2024-07-18 17:28:24+00:00,usd_mxn,17.9,17.91,0.056
2024-07-18 17:28:25+00:00,usd_mxn,17.9,17.91,0.056
2024-07-18 17:28:26+00:00,usd_mxn,17.9,17.91,0.056
2024-07-18 17:28:27+00:00,usd_mxn,17.9,17.91,0.056
2024-07-18 17:28:28+00:00,usd_mxn,17.9,17.91,0.056
2024-07-18 17:28:29+00:00,usd_mxn,17.9,17.91,0.056
2024-07-18 17:28:30+00:00,usd_mxn,17.9,17.91,0.056
2024-07-18 17:28:31+00:00,usd_mxn,17.9,17.91,0.056
2024-07-18 17:28:32+00:00,usd_mxn,17.9,17.91,0.056
2024-07-18 17:28:33+00:00,usd_mxn,17.9,17.91,0.056
2024-07-18 17:28:34+00:00,usd_mxn,17.9,17.91,0.056
2024-07-18 17:28:35+00:00,usd_mxn,17.9,17.91,0.056
2024-07-18 17:28:36+00:00,usd_mxn,17.9,17.91,0.056
2024-07-18 17:28:37+00:00,usd_mxn,17.9,17.91,0.056
2024-07-18 17:28:38+00:00,usd_mxn,17.9,17.91,0.056
2024-07-18 17:28:39+00:00,usd_mxn,17.9,17.91,0.056
2024-07-18 17:28:40+00:00,usd_mxn,17.9,17.91,0.056
2024-07-18 17:28:41+00:00,usd_mxn,17.9,17.91,0.056
2024-07-18 17:28:42+00:00,usd_mxn,17.9,17.91,0.056
2024-07-18 17:28:43+00:00,usd_mxn,17.9,17.91,0.056
2024-07-18 17:28:44+00:00,usd_mxn,17.9,17.91,0.056
2024-07-18 17:28:45+00:00,usd_mxn,17.9,17.91,0.056
2024-07-18 17:28:46+00:00,usd_mxn,17.9,17.91,0.056
2024-07-18 17:28:47+00:00,usd_mxn,17.9,17.91,0.056
2024-07-18 17:28:48+00:00,usd_mxn,17.9,17.91,0.056
2024-07-18 17:28:49+00:00,usd_mxn,17.9,17.91,0.056
2024-07-18 17:28:50+00:00,usd_mxn,17.9,17.91,0.056
2024-07-18 17:28:51+00:00,usd_mxn,17.9,17.91,0.056
2024-07-18 17:28:52+00:00,usd_mxn,17.9,17.91,0.056
2024-07-18 17:28:53+00:00,usd_mxn,17.9,17.91,0.056
2024-07-18 17:28:54+00:00,usd_mxn,17.9,17.91,0.056
2024-07-18 17:28:55+00:00,usd_mxn,17.9,17.91,0.056
2024-07-18 17:28:56+00:00,usd_mxn,17.9,17.91,0.056
2024-07-18 17:28:57+00:00,usd_mxn,17.9,17.91,0.056
2024-07-18 17:28:58+00:00,usd_mxn,17.9,17.91,0.056
2024-07-18 17:28:59+00:00,usd_mxn,17.9,17.91,0.056
2024-07-18 17:29:00+00:00,usd_mxn,17.9,17.91,0.056
2024-07-18 17:29:01+00:00,usd_mxn,17.9,17.91,0.056
2024-07-18 17:29:02+00:00,usd_mxn,17.9,17.91,0.056
2024-07-18 17:29:03+00:00,usd_mxn,17.9,17.91,0.056
2024-07-18 17:29:04+00:00,usd_mxn,17.9,17.91,0.056
2024-07-18 17:29:05+00:00,usd_mxn,17.9,17.91,0.056
2024-07-18 17:29:06+00:00,usd_mxn,17.9,17.91,0.056
2024-07-18 17:29:07+00:00,usd_mxn,17.9,17.91,0.056
2024-07-18 17:29:08+00:00,usd_mxn,17.9,17.91,0.056
2024-07-18 17:29:09+00:00,usd_mxn,17.9,17.91,0.056
2024-07-18 17:29:10+00:00,usd_mxn,17.9,17.91,0.056
2024-07-18 17:29:11+00:00,usd_mxn,17.9,17.91,0.056
2024-07-18 17:29:12+00:00,usd_mxn,17.9,17.91,0.056
2024-07-18 17:29:13+00:00,usd_mxn,17.9,17.91,0.056
2024-07-18 17:29:14+00:00,usd_mxn,17.9,17.91,0.056
2024-07-18 17:29:15+00:00,usd_mxn,17.9,17.91,0.056
2024-07-18 17:29:16+00:00,usd_mxn,17.9,17.91,0.056
2024-07-18 17:29:17+00:00,usd_mxn,17.9,17.91,0.056
2024-07-18 17:29:18+00:00,usd_mxn,17.9,17.91,0.056
2024-07-18 17:29:19+00:00,usd_mxn,17.9,17.91,0.056
2024-07-18 17:29:20+00:00,usd_mxn,17.9,17.91,0.056
2024-07-18 17:29:21+00:00,usd_mxn,17.9,17.91,0.056
2024-07-18 17:29:22+00:00,usd_mxn,17.9,17.91,0.056
2024-07-18 17:29:24+00:00,usd_mxn,17.9,17.91,0.056
2024-07-18 17:29:25+00:00,usd_mxn,17.9,17.91,0.056
2024-07-18 17:29:26+00:00,usd_mxn,17.9,17.91,0.056
2024-07-18 17:29:27+00:00,usd_mxn,17.9,17.91,0.056
2024-07-18 17:29:28+00:00,usd_mxn,17.9,17.91,0.056
2024-07-18 17:29:29+00:00,usd_mxn,17.9,17.91,0.056
2024-07-18 17:29:30+00:00,usd_mxn,17.9,17.91,0.056
2024-07-18 17:29:31+00:00,usd_mxn,17.9,17.91,0.056
2024-07-18 17:29:32+00:00,usd_mxn,17.9,17.91,0.056
2024-07-18 17:29:33+00:00,usd_mxn,17.9,17.91,0.056
2024-07-18 17:29:34+00:00,usd_mxn,17.9,17.91,0.056
2024-07-18 17:29:35+00:00,usd_mxn,17.9,17.91,0.056
2024-07-18 17:29:36+00:00,usd_mxn,17.9,17.91,0.056
2024-07-18 17:29:37+00:00,usd_mxn,17.9,17.91,0.056
2024-07-18 17:29:38+00:00,usd_mxn,17.9,17.91,0.056
2024-07-18 17:29:39+00:00,usd_mxn,17.9,17.91,0.056
2024-07-18 17:29:40+00:00,usd_mxn,17.9,17.91,0.056
2024-07-18 17:29:41+00:00,usd_mxn,17.9,17.91,0.056
2024-07-18 17:29:42+00:00,usd_mxn,17.9,17.91,0.056
2024-07-18 17:29:43+00:00,usd_mxn,17.9,17.91,0.056
2024-07-18 17:29:44+00:00,usd_mxn,17.9,17.91,0.056
2024-07-18 17:29:45+00:00,usd_mxn,17.9,17.91,0.056
2024-07-18 17:29:46+00:00,usd_mxn,17.9,17.91,0.056
2024-07-18 17:29:47+00:00,usd_mxn,17.9,17.91,0.056
2024-07-18 17:29:48+00:00,usd_mxn,17.9,17.91,0.056
2024-07-18 17:29:49+00:00,usd_mxn,17.9,17.91,0.056
2024-07-18 17:29:50+00:00,usd_mxn,17.9,17.91,0.056
2024-07-18 17:29:51+00:00,usd_mxn,17.9,17.91,0.056
2024-07-18 17:29:52+00:00,usd_mxn,17.9,17.91,0.056
2024-07-18 17:29:53+00:00,usd_mxn,17.9,17.91,0.056
2024-07-18 17:29:54+00:00,usd_mxn,17.9,17.91,0.056
2024-07-18 17:29:55+00:00,usd_mxn,17.9,17.91,0.056
2024-07-18 17:29:56+00:00,usd_mxn,17.9,17.91,0.056
2024-07-18 17:29:57+00:00,usd_mxn,17.9,17.91,0.056
2024-07-18 17:29:58+00:00,usd_mxn,17.9,17.91,0.056
2024-07-18 17:29:59+00:00,usd_mxn,17.9,17.91,0.056
2024-07-18 17:30:00+00:00,usd_mxn,17.9,17.91,0.056
2024-07-18 17:30:01+00:00,usd_mxn,17.9,17.91,0.056
2024-07-18 17:30:02+00:00,usd_mxn,17.9,17.91,0.056
2024-07-18 17:30:03+00:00,usd_mxn,17.9,17.91,0.056
2024-07-18 17:30:04+00:00,usd_mxn,17.9,17.91,0.056
2024-07-18 17:30:05+00:00,usd_mxn,17.9,17.91,0.056
2024-07-18 17:30:06+00:00,usd_mxn,17.9,17.91,0.056
2024-07-18 17:30:07+00:00,usd_mxn,17.9,17.91,0.056
2024-07-18 17:30:08+00:00,usd_mxn,17.9,17.91,0.056
2024-07-18 17:30:09+00:00,usd_mxn,17.9,17.91,0.056
2024-07-18 17:30:10+00:00,usd_mxn,17.9,17.91,0.056
2024-07-18 17:30:11+00:00,usd_mxn,17.9,17.91,0.056
2024-07-18 17:30:12+00:00,usd_mxn,17.9,17.91,0.056
2024-07-18 17:30:13+00:00,usd_mxn,17.9,17.91,0.056
2024-07-18 17:30:14+00:00,usd_mxn,17.9,17.91,0.056
2024-07-18 17:30:15+00:00,usd_mxn,17.9,17.91,0.056
2024-07-18 17:30:16+00:00,usd_mxn,17.9,17.91,0.056
2024-07-18 17:30:17+00:00,usd_mxn,17.9,17.91,0.056
2024-07-18 17:30:18+00:00,usd_mxn,17.9,17.91,0.056
2024-07-18 17:30:19+00:00,usd_mxn,17.9,17.91,0.056
2024-07-18 17:30:20+00:00,usd_mxn,17.9,17.91,0.056
2024-07-18 17:30:21+00:00,usd_mxn,17.9,17.91,0.056
2024-07-18 17:30:22+00:00,usd_mxn,17.9,17.91,0.056
2024-07-18 17:30:23+00:00,usd_mxn,17.9,17.91,0.056
2024-07-18 17:30:24+00:00,usd_mxn,17.9,17.91,0.056
2024-07-18 17:30:25+00:00,usd_mxn,17.9,17.91,0.056
2024-07-18 17:30:26+00:00,usd_mxn,17.9,17.91,0.056
2024-07-18 17:30:27+00:00,usd_mxn,17.9,17.91,0.056
2024-07-18 17:30:28+00:00,usd_mxn,17.9,17.91,0.056
2024-07-18 17:30:29+00:00,usd_mxn,17.9,17.91,0.056
2024-07-18 17:30:30+00:00,usd_mxn,17.9,17.91,0.056
2024-07-18 17:30:32+00:00,usd_mxn,17.9,17.91,0.056
2024-07-18 17:30:33+00:00,usd_mxn,17.9,17.91,0.056
2024-07-18 17:30:34+00:00,usd_mxn,17.9,17.91,0.056
2024-07-18 17:30:34+00:00,usd_mxn,17.9,17.91,0.056
2024-07-18 17:30:36+00:00,usd_mxn,17.9,17.91,0.056
2024-07-18 17:30:37+00:00,usd_mxn,17.9,17.91,0.056
2024-07-18 17:30:38+00:00,usd_mxn,17.9,17.91,0.056
2024-07-18 17:30:39+00:00,usd_mxn,17.9,17.91,0.056
2024-07-18 17:30:40+00:00,usd_mxn,17.9,17.91,0.056
2024-07-18 17:30:41+00:00,usd_mxn,17.9,17.91,0.056
2024-07-18 17:30:42+00:00,usd_mxn,17.9,17.91,0.056
2024-07-18 17:30:43+00:00,usd_mxn,17.9,17.91,0.056
2024-07-18 17:30:44+00:00,usd_mxn,17.9,17.91,0.056
2024-07-18 17:30:45+00:00,usd_mxn,17.9,17.91,0.056
2024-07-18 17:30:46+00:00,usd_mxn,17.9,17.91,0.056
2024-07-18 17:30:47+00:00,usd_mxn,17.9,17.91,0.056
2024-07-18 17:30:48+00:00,usd_mxn,17.9,17.91,0.056
2024-07-18 17:30:49+00:00,usd_mxn,17.9,17.91,0.056
2024-07-18 17:30:50+00:00,usd_mxn,17.9,17.91,0.056
2024-07-18 17:30:51+00:00,usd_mxn,17.9,17.91,0.056
2024-07-18 17:30:52+00:00,usd_mxn,17.9,17.91,0.056
2024-07-18 17:30:53+00:00,usd_mxn,17.9,17.91,0.056
2024-07-18 17:30:54+00:00,usd_mxn,17.9,17.91,0.056
2024-07-18 17:30:55+00:00,usd_mxn,17.9,17.91,0.056
2024-07-18 17:30:56+00:00,usd_mxn,17.9,17.91,0.056
2024-07-18 17:30:57+00:00,usd_mxn,17.9,17.91,0.056
2024-07-18 17:30:58+00:00,usd_mxn,17.9,17.91,0.056
2024-07-18 17:30:59+00:00,usd_mxn,17.9,17.91,0.056
2024-07-18 17:31:00+00:00,usd_mxn,17.9,17.91,0.056
2024-07-18 17:31:01+00:00,usd_mxn,17.9,17.91,0.056
2024-07-18 17:31:02+00:00,usd_mxn,17.9,17.91,0.056
2024-07-18 17:31:03+00:00,usd_mxn,17.9,17.91,0.056
2024-07-18 17:31:04+00:00,usd_mxn,17.9,17.91,0.056
2024-07-18 17:31:05+00:00,usd_mxn,17.9,17.93,0.167
2024-07-18 17:31:06+00:00,usd_mxn,17.9,17.93,0.167
2024-07-18 17:31:07+00:00,usd_mxn,17.9,17.93,0.167
2024-07-18 17:31:08+00:00,usd_mxn,17.9,17.93,0.167
2024-07-18 17:31:09+00:00,usd_mxn,17.9,17.93,0.167
2024-07-18 17:31:10+00:00,usd_mxn,17.9,17.93,0.167
2024-07-18 17:31:11+00:00,usd_mxn,17.9,17.93,0.167
2024-07-18 17:31:12+00:00,usd_mxn,17.9,17.93,0.167
2024-07-18 17:31:13+00:00,usd_mxn,17.9,17.93,0.167
2024-07-18 17:31:14+00:00,usd_mxn,17.9,17.93,0.167
2024-07-18 17:31:15+00:00,usd_mxn,17.9,17.93,0.167
2024-07-18 17:31:16+00:00,usd_mxn,17.9,17.93,0.167
2024-07-18 17:31:17+00:00,usd_mxn,17.9,17.93,0.167
2024-07-18 17:31:18+00:00,usd_mxn,17.9,17.93,0.167
2024-07-18 17:31:19+00:00,usd_mxn,17.9,17.93,0.167
2024-07-18 17:31:20+00:00,usd_mxn,17.9,17.93,0.167
2024-07-18 17:31:21+00:00,usd_mxn,17.9,17.93,0.167
2024-07-18 17:31:22+00:00,usd_mxn,17.9,17.93,0.167
2024-07-18 17:31:23+00:00,usd_mxn,17.9,17.93,0.167
2024-07-18 17:31:24+00:00,usd_mxn,17.9,17.93,0.167
2024-07-18 17:31:25+00:00,usd_mxn,17.9,17.93,0.167
2024-07-18 17:31:26+00:00,usd_mxn,17.9,17.93,0.167
2024-07-18 17:31:27+00:00,usd_mxn,17.9,17.93,0.167
2024-07-18 17:31:28+00:00,usd_mxn,17.9,17.93,0.167
2024-07-18 17:31:30+00:00,usd_mxn,17.9,17.93,0.167
2024-07-18 17:31:30+00:00,usd_mxn,17.9,17.93,0.167
2024-07-18 17:31:32+00:00,usd_mxn,17.9,17.93,0.167
2024-07-18 17:31:33+00:00,usd_mxn,17.9,17.93,0.167
2024-07-18 17:31:34+00:00,usd_mxn,17.9,17.93,0.167
2024-07-18 17:31:35+00:00,usd_mxn,17.9,17.93,0.167
2024-07-18 17:31:36+00:00,usd_mxn,17.9,17.93,0.167
2024-07-18 17:31:37+00:00,usd_mxn,17.9,17.93,0.167
2024-07-18 17:31:38+00:00,usd_mxn,17.9,17.93,0.167
2024-07-18 17:31:39+00:00,usd_mxn,17.9,17.93,0.167
2024-07-18 17:31:40+00:00,usd_mxn,17.9,17.93,0.167
2024-07-18 17:31:41+00:00,usd_mxn,17.9,17.93,0.167
2024-07-18 17:31:42+00:00,usd_mxn,17.9,17.93,0.167
2024-07-18 17:31:43+00:00,usd_mxn,17.9,17.93,0.167
2024-07-18 17:31:44+00:00,usd_mxn,17.9,17.93,0.167
2024-07-18 17:31:45+00:00,usd_mxn,17.9,17.93,0.167
2024-07-18 17:31:46+00:00,usd_mxn,17.9,17.93,0.167
2024-07-18 17:31:47+00:00,usd_mxn,17.9,17.93,0.167
2024-07-18 17:31:48+00:00,usd_mxn,17.9,17.93,0.167
2024-07-18 17:31:49+00:00,usd_mxn,17.9,17.93,0.167
2024-07-18 17:31:50+00:00,usd_mxn,17.9,17.93,0.167
2024-07-18 17:31:51+00:00,usd_mxn,17.9,17.93,0.167
2024-07-18 17:31:52+00:00,usd_mxn,17.9,17.93,0.167
2024-07-18 17:31:53+00:00,usd_mxn,17.9,17.93,0.167
2024-07-18 17:31:55+00:00,usd_mxn,17.9,17.93,0.167
2024-07-18 17:31:56+00:00,usd_mxn,17.9,17.93,0.167
2024-07-18 17:31:57+00:00,usd_mxn,17.9,17.93,0.167
2024-07-18 17:31:58+00:00,usd_mxn,17.9,17.93,0.167
2024-07-18 17:31:59+00:00,usd_mxn,17.9,17.93,0.167
2024-07-18 17:32:00+00:00,usd_mxn,17.9,17.93,0.167
2024-07-18 17:32:01+00:00,usd_mxn,17.9,17.93,0.167
2024-07-18 17:32:02+00:00,usd_mxn,17.9,17.93,0.167
2024-07-18 17:32:03+00:00,usd_mxn,17.9,17.93,0.167
2024-07-18 17:32:04+00:00,usd_mxn,17.9,17.93,0.167
2024-07-18 17:32:05+00:00,usd_mxn,17.9,17.93,0.167
2024-07-18 17:32:06+00:00,usd_mxn,17.9,17.93,0.167
2024-07-18 17:32:07+00:00,usd_mxn,17.9,17.93,0.167
2024-07-18 17:32:08+00:00,usd_mxn,17.9,17.93,0.167
2024-07-18 17:32:09+00:00,usd_mxn,17.9,17.93,0.167
2024-07-18 17:32:10+00:00,usd_mxn,17.9,17.93,0.167
2024-07-18 17:32:11+00:00,usd_mxn,17.9,17.93,0.167
2024-07-18 17:32:12+00:00,usd_mxn,17.9,17.93,0.167
2024-07-18 17:32:13+00:00,usd_mxn,17.9,17.93,0.167
2024-07-18 17:32:14+00:00,usd_mxn,17.9,17.93,0.167
2024-07-18 17:32:15+00:00,usd_mxn,17.9,17.93,0.167
2024-07-18 17:32:16+00:00,usd_mxn,17.9,17.93,0.167
2024-07-18 17:32:17+00:00,usd_mxn,17.9,17.93,0.167
2024-07-18 17:32:18+00:00,usd_mxn,17.9,17.93,0.167
2024-07-18 17:32:19+00:00,usd_mxn,17.9,17.93,0.167
2024-07-18 17:32:20+00:00,usd_mxn,17.9,17.93,0.167
2024-07-18 17:32:21+00:00,usd_mxn,17.9,17.93,0.167
2024-07-18 17:32:22+00:00,usd_mxn,17.9,17.93,0.167
2024-07-18 17:32:23+00:00,usd_mxn,17.9,17.93,0.167
2024-07-18 17:32:25+00:00,usd_mxn,17.9,17.93,0.167
2024-07-18 17:32:26+00:00,usd_mxn,17.9,17.93,0.167
2024-07-18 17:32:27+00:00,usd_mxn,17.9,17.93,0.167
2024-07-18 17:32:28+00:00,usd_mxn,17.9,17.93,0.167
2024-07-18 17:32:29+00:00,usd_mxn,17.9,17.93,0.167
2024-07-18 17:32:30+00:00,usd_mxn,17.9,17.93,0.167
2024-07-18 17:32:31+00:00,usd_mxn,17.9,17.93,0.167
2024-07-18 17:32:32+00:00,usd_mxn,17.9,17.93,0.167
2024-07-18 17:32:33+00:00,usd_mxn,17.9,17.93,0.167
2024-07-18 17:32:34+00:00,usd_mxn,17.9,17.93,0.167
2024-07-18 17:32:35+00:00,usd_mxn,17.9,17.93,0.167
2024-07-18 17:32:36+00:00,usd_mxn,17.9,17.93,0.167
2024-07-18 17:32:37+00:00,usd_mxn,17.9,17.93,0.167
2024-07-18 17:32:38+00:00,usd_mxn,17.9,17.93,0.167
2024-07-18 17:32:39+00:00,usd_mxn,17.9,17.93,0.167
2024-07-18 17:32:40+00:00,usd_mxn,17.9,17.93,0.167
2024-07-18 17:32:41+00:00,usd_mxn,17.9,17.93,0.167
2024-07-18 17:32:42+00:00,usd_mxn,17.9,17.93,0.167
2024-07-18 17:32:43+00:00,usd_mxn,17.9,17.93,0.167
2024-07-18 17:32:44+00:00,usd_mxn,17.9,17.93,0.167
2024-07-18 17:32:45+00:00,usd_mxn,17.9,17.93,0.167
2024-07-18 17:32:46+00:00,usd_mxn,17.9,17.93,0.167
2024-07-18 17:32:47+00:00,usd_mxn,17.9,17.93,0.167
2024-07-18 17:32:48+00:00,usd_mxn,17.9,17.93,0.167
2024-07-18 17:32:49+00:00,usd_mxn,17.9,17.93,0.167
2024-07-18 17:32:50+00:00,usd_mxn,17.9,17.93,0.167
2024-07-18 17:32:51+00:00,usd_mxn,17.9,17.93,0.167
2024-07-18 17:32:52+00:00,usd_mxn,17.9,17.93,0.167
2024-07-18 17:32:53+00:00,usd_mxn,17.9,17.93,0.167
2024-07-18 17:32:54+00:00,usd_mxn,17.9,17.93,0.167
2024-07-18 17:32:55+00:00,usd_mxn,17.9,17.93,0.167
2024-07-18 17:32:56+00:00,usd_mxn,17.9,17.93,0.167
2024-07-18 17:32:57+00:00,usd_mxn,17.9,17.93,0.167
2024-07-18 17:32:58+00:00,usd_mxn,17.9,17.93,0.167
2024-07-18 17:32:59+00:00,usd_mxn,17.9,17.93,0.167
2024-07-18 17:33:00+00:00,usd_mxn,17.9,17.93,0.167
2024-07-18 17:33:01+00:00,usd_mxn,17.9,17.93,0.167
2024-07-18 17:33:02+00:00,usd_mxn,17.9,17.93,0.167
2024-07-18 17:33:03+00:00,usd_mxn,17.9,17.93,0.167
2024-07-18 17:33:04+00:00,usd_mxn,17.9,17.93,0.167
2024-07-18 17:33:05+00:00,usd_mxn,17.9,17.93,0.167
2024-07-18 17:33:06+00:00,usd_mxn,17.9,17.92,0.112
2024-07-18 17:33:07+00:00,usd_mxn,17.9,17.92,0.112
2024-07-18 17:33:08+00:00,usd_mxn,17.9,17.92,0.112
2024-07-18 17:33:09+00:00,usd_mxn,17.9,17.92,0.112
2024-07-18 17:33:10+00:00,usd_mxn,17.9,17.92,0.112
2024-07-18 17:33:11+00:00,usd_mxn,17.9,17.92,0.112
2024-07-18 17:33:12+00:00,usd_mxn,17.9,17.92,0.112
2024-07-18 17:33:13+00:00,usd_mxn,17.9,17.92,0.112
2024-07-18 17:33:14+00:00,usd_mxn,17.9,17.92,0.112
2024-07-18 17:33:15+00:00,usd_mxn,17.9,17.92,0.112
2024-07-18 17:33:16+00:00,usd_mxn,17.9,17.92,0.112
2024-07-18 17:33:17+00:00,usd_mxn,17.9,17.92,0.112
2024-07-18 17:33:18+00:00,usd_mxn,17.9,17.92,0.112
2024-07-18 17:33:19+00:00,usd_mxn,17.9,17.92,0.112
2024-07-18 17:33:20+00:00,usd_mxn,17.9,17.92,0.112
2024-07-18 17:33:21+00:00,usd_mxn,17.9,17.92,0.112
2024-07-18 17:33:22+00:00,usd_mxn,17.9,17.92,0.112
2024-07-18 17:33:23+00:00,usd_mxn,17.9,17.92,0.112
2024-07-18 17:33:24+00:00,usd_mxn,17.9,17.92,0.112
2024-07-18 17:33:26+00:00,usd_mxn,17.9,17.93,0.167
2024-07-18 17:33:26+00:00,usd_mxn,17.9,17.93,0.167
2024-07-18 17:33:27+00:00,usd_mxn,17.9,17.93,0.167
2024-07-18 17:33:29+00:00,usd_mxn,17.9,17.93,0.167
2024-07-18 17:33:29+00:00,usd_mxn,17.9,17.93,0.167
2024-07-18 17:33:30+00:00,usd_mxn,17.9,17.93,0.167
2024-07-18 17:33:32+00:00,usd_mxn,17.9,17.93,0.167
2024-07-18 17:33:33+00:00,usd_mxn,17.9,17.93,0.167
2024-07-18 17:33:34+00:00,usd_mxn,17.9,17.93,0.167
2024-07-18 17:33:35+00:00,usd_mxn,17.9,17.93,0.167
2024-07-18 17:33:36+00:00,usd_mxn,17.9,17.93,0.167
2024-07-18 17:33:37+00:00,usd_mxn,17.9,17.93,0.167
2024-07-18 17:33:38+00:00,usd_mxn,17.9,17.93,0.167
2024-07-18 17:33:39+00:00,usd_mxn,17.9,17.93,0.167
2024-07-18 17:33:40+00:00,usd_mxn,17.9,17.93,0.167
2024-07-18 17:33:41+00:00,usd_mxn,17.9,17.93,0.167
2024-07-18 17:33:42+00:00,usd_mxn,17.9,17.93,0.167
2024-07-18 17:33:43+00:00,usd_mxn,17.9,17.93,0.167
2024-07-18 17:33:44+00:00,usd_mxn,17.9,17.93,0.167
2024-07-18 17:33:45+00:00,usd_mxn,17.9,17.93,0.167
2024-07-18 17:33:46+00:00,usd_mxn,17.9,17.93,0.167
2024-07-18 17:33:47+00:00,usd_mxn,17.9,17.93,0.167
2024-07-18 17:33:48+00:00,usd_mxn,17.9,17.93,0.167
2024-07-18 17:33:49+00:00,usd_mxn,17.9,17.93,0.167
2024-07-18 17:33:50+00:00,usd_mxn,17.9,17.93,0.167
2024-07-18 17:33:51+00:00,usd_mxn,17.9,17.93,0.167
2024-07-18 17:33:52+00:00,usd_mxn,17.9,17.93,0.167
2024-07-18 17:33:53+00:00,usd_mxn,17.9,17.93,0.167
2024-07-18 17:33:54+00:00,usd_mxn,17.9,17.93,0.167
2024-07-18 17:33:55+00:00,usd_mxn,17.9,17.93,0.167
2024-07-18 17:33:56+00:00,usd_mxn,17.9,17.93,0.167
2024-07-18 17:33:57+00:00,usd_mxn,17.9,17.93,0.167
2024-07-18 17:33:58+00:00,usd_mxn,17.9,17.93,0.167
