orderbook_timestamp,book,bid,ask,spread
2024-07-17 13:25:42+00:00,btc_mxn,1149889.98,1149890.02,0.0
2024-07-17 13:25:43+00:00,btc_mxn,1149889.98,1149890.02,0.0
2024-07-17 13:25:44+00:00,btc_mxn,1149889.98,1149890.02,0.0
2024-07-17 13:25:45+00:00,btc_mxn,1149889.98,1149890.02,0.0
2024-07-17 13:25:46+00:00,btc_mxn,1149889.98,1149890.02,0.0
2024-07-17 13:25:47+00:00,btc_mxn,1149889.98,1149890.02,0.0
2024-07-17 13:25:48+00:00,btc_mxn,1149889.98,1149890.02,0.0
2024-07-17 13:25:49+00:00,btc_mxn,1149889.98,1149890.02,0.0
2024-07-17 13:25:50+00:00,btc_mxn,1149889.98,1149890.02,0.0
2024-07-17 13:25:51+00:00,btc_mxn,1149889.98,1149890.02,0.0
2024-07-17 13:25:52+00:00,btc_mxn,1149889.98,1149890.02,0.0
2024-07-17 13:25:53+00:00,btc_mxn,1149889.98,1149890.02,0.0
2024-07-17 13:25:54+00:00,btc_mxn,1149889.98,1149890.02,0.0
2024-07-17 13:25:55+00:00,btc_mxn,1149889.98,1149890.02,0.0
2024-07-17 13:25:56+00:00,btc_mxn,1149889.98,1149890.02,0.0
2024-07-17 13:25:58+00:00,btc_mxn,1149889.98,1149890.02,0.0
2024-07-17 13:25:59+00:00,btc_mxn,1149889.98,1149890.02,0.0
2024-07-17 13:26:00+00:00,btc_mxn,1149889.98,1149890.02,0.0
2024-07-17 13:26:01+00:00,btc_mxn,1149889.98,1149890.02,0.0
2024-07-17 13:26:02+00:00,btc_mxn,1149889.98,1149890.02,0.0
2024-07-17 13:26:03+00:00,btc_mxn,1149889.98,1149890.02,0.0
2024-07-17 13:26:04+00:00,btc_mxn,1149889.98,1149890.02,0.0
2024-07-17 13:26:05+00:00,btc_mxn,1149889.98,1149890.02,0.0
2024-07-17 13:26:06+00:00,btc_mxn,1149889.98,1149890.02,0.0
2024-07-17 13:26:07+00:00,btc_mxn,1149889.98,1149890.02,0.0
2024-07-17 13:26:08+00:00,btc_mxn,1149889.98,1149890.02,0.0
2024-07-17 13:26:09+00:00,btc_mxn,1149889.98,1149890.02,0.0
2024-07-17 13:26:10+00:00,btc_mxn,1149889.98,1149890.02,0.0
2024-07-17 13:26:11+00:00,btc_mxn,1149889.98,1149890.02,0.0
2024-07-17 13:26:12+00:00,btc_mxn,1149889.98,1149890.02,0.0
2024-07-17 13:26:13+00:00,btc_mxn,1149889.98,1149890.02,0.0
2024-07-17 13:26:14+00:00,btc_mxn,1149889.98,1149890.02,0.0
2024-07-17 13:26:15+00:00,btc_mxn,1149889.98,1149890.02,0.0
2024-07-17 13:26:16+00:00,btc_mxn,1149889.98,1149890.02,0.0
2024-07-17 13:26:17+00:00,btc_mxn,1149889.98,1149890.02,0.0
2024-07-17 13:26:18+00:00,btc_mxn,1149889.98,1149890.02,0.0
2024-07-17 13:26:19+00:00,btc_mxn,1149889.98,1149890.02,0.0
2024-07-17 13:26:20+00:00,btc_mxn,1149889.98,1149890.02,0.0
2024-07-17 13:26:21+00:00,btc_mxn,1149889.98,1149890.02,0.0
2024-07-17 13:26:22+00:00,btc_mxn,1149889.98,1149890.02,0.0
2024-07-17 13:26:24+00:00,btc_mxn,1149889.98,1149890.02,0.0
2024-07-17 13:26:25+00:00,btc_mxn,1149889.98,1149890.02,0.0
2024-07-17 13:26:26+00:00,btc_mxn,1149889.98,1149890.02,0.0
2024-07-17 13:26:27+00:00,btc_mxn,1149889.98,1149890.02,0.0
2024-07-17 13:26:28+00:00,btc_mxn,1149889.98,1149890.02,0.0
2024-07-17 13:26:29+00:00,btc_mxn,1149889.98,1149890.02,0.0
2024-07-17 13:26:30+00:00,btc_mxn,1149889.98,1149890.02,0.0
2024-07-17 13:26:31+00:00,btc_mxn,1149889.98,1149890.02,0.0
2024-07-17 13:26:32+00:00,btc_mxn,1149889.98,1149890.02,0.0
2024-07-17 13:26:33+00:00,btc_mxn,1149889.98,1149890.02,0.0
2024-07-17 13:26:34+00:00,btc_mxn,1149889.98,1149890.02,0.0
2024-07-17 13:26:35+00:00,btc_mxn,1149889.98,1149890.02,0.0
2024-07-17 13:26:36+00:00,btc_mxn,1149889.98,1149890.02,0.0
2024-07-17 13:26:37+00:00,btc_mxn,1149889.98,1149890.02,0.0
2024-07-17 13:26:38+00:00,btc_mxn,1149889.98,1149890.02,0.0
2024-07-17 13:26:39+00:00,btc_mxn,1149889.98,1149890.02,0.0
2024-07-17 13:26:40+00:00,btc_mxn,1149889.98,1149890.02,0.0
2024-07-17 13:26:41+00:00,btc_mxn,1149889.98,1149890.02,0.0
2024-07-17 13:26:42+00:00,btc_mxn,1149889.98,1149890.02,0.0
2024-07-17 13:26:43+00:00,btc_mxn,1149889.98,1149890.02,0.0
2024-07-17 13:26:44+00:00,btc_mxn,1149889.98,1149890.02,0.0
2024-07-17 13:26:45+00:00,btc_mxn,1149889.98,1149890.02,0.0
2024-07-17 13:26:46+00:00,btc_mxn,1149889.98,1149890.02,0.0
2024-07-17 13:26:47+00:00,btc_mxn,1149889.98,1149890.02,0.0
2024-07-17 13:26:48+00:00,btc_mxn,1149889.98,1149890.02,0.0
2024-07-17 13:26:49+00:00,btc_mxn,1149889.98,1149890.02,0.0
2024-07-17 13:26:50+00:00,btc_mxn,1149889.98,1149890.02,0.0
2024-07-17 13:26:51+00:00,btc_mxn,1149889.98,1149890.02,0.0
2024-07-17 13:26:52+00:00,btc_mxn,1149889.98,1149890.02,0.0
2024-07-17 13:26:53+00:00,btc_mxn,1149889.98,1149890.02,0.0
2024-07-17 13:26:54+00:00,btc_mxn,1149889.98,1149890.02,0.0
2024-07-17 13:26:55+00:00,btc_mxn,1149889.98,1149890.02,0.0
2024-07-17 13:26:56+00:00,btc_mxn,1149889.98,1149890.02,0.0
2024-07-17 13:26:57+00:00,btc_mxn,1149889.98,1149890.02,0.0
2024-07-17 13:26:58+00:00,btc_mxn,1149889.98,1149890.02,0.0
2024-07-17 13:26:59+00:00,btc_mxn,1149889.98,1149890.02,0.0
2024-07-17 13:27:00+00:00,btc_mxn,1149889.98,1149890.02,0.0
2024-07-17 13:27:01+00:00,btc_mxn,1149889.98,1149890.02,0.0
2024-07-17 13:27:02+00:00,btc_mxn,1149889.98,1149890.02,0.0
2024-07-17 13:27:03+00:00,btc_mxn,1149889.98,1149890.02,0.0
2024-07-17 13:27:05+00:00,btc_mxn,1149889.98,1149890.02,0.0
2024-07-17 13:27:06+00:00,btc_mxn,1149889.98,1149890.02,0.0
2024-07-17 13:27:07+00:00,btc_mxn,1149889.98,1149890.02,0.0
2024-07-17 13:27:08+00:00,btc_mxn,1149889.98,1149890.02,0.0
2024-07-17 13:27:09+00:00,btc_mxn,1149889.98,1149890.02,0.0
2024-07-17 13:27:10+00:00,btc_mxn,1149739.98,1149740.02,0.0
2024-07-17 13:27:11+00:00,btc_mxn,1149739.98,1149740.02,0.0
2024-07-17 13:27:12+00:00,btc_mxn,1149739.98,1149740.02,0.0
2024-07-17 13:27:14+00:00,btc_mxn,1149739.98,1149740.02,0.0
2024-07-17 13:27:14+00:00,btc_mxn,1149739.98,1149740.02,0.0
2024-07-17 13:27:15+00:00,btc_mxn,1149739.98,1149740.02,0.0
2024-07-17 13:27:16+00:00,btc_mxn,1149739.98,1149740.02,0.0
2024-07-17 13:27:17+00:00,btc_mxn,1149739.98,1149740.02,0.0
2024-07-17 13:27:18+00:00,btc_mxn,1149739.98,1149740.02,0.0
2024-07-17 13:27:19+00:00,btc_mxn,1149739.98,1149740.02,0.0
2024-07-17 13:27:20+00:00,btc_mxn,1149739.98,1149740.02,0.0
2024-07-17 13:27:21+00:00,btc_mxn,1149739.98,1149740.02,0.0
2024-07-17 13:27:22+00:00,btc_mxn,1149739.98,1149740.02,0.0
2024-07-17 13:27:23+00:00,btc_mxn,1149739.98,1149740.02,0.0
2024-07-17 13:27:24+00:00,btc_mxn,1149739.98,1149740.02,0.0
2024-07-17 13:27:25+00:00,btc_mxn,1149739.98,1149740.02,0.0
2024-07-17 13:27:26+00:00,btc_mxn,1149739.98,1149740.02,0.0
2024-07-17 13:27:27+00:00,btc_mxn,1149739.98,1149740.02,0.0
2024-07-17 13:27:28+00:00,btc_mxn,1149739.98,1149740.02,0.0
2024-07-17 13:27:29+00:00,btc_mxn,1149739.98,1149740.02,0.0
2024-07-17 13:27:30+00:00,btc_mxn,1149739.98,1149740.02,0.0
2024-07-17 13:27:31+00:00,btc_mxn,1149739.98,1149740.02,0.0
2024-07-17 13:27:32+00:00,btc_mxn,1149739.98,1149740.02,0.0
2024-07-17 13:27:33+00:00,btc_mxn,1149739.98,1149740.02,0.0
2024-07-17 13:27:34+00:00,btc_mxn,1149739.98,1149740.02,0.0
2024-07-17 13:27:35+00:00,btc_mxn,1149739.98,1149740.02,0.0
2024-07-17 13:27:36+00:00,btc_mxn,1149739.98,1149740.02,0.0
2024-07-17 13:27:37+00:00,btc_mxn,1149739.98,1149740.02,0.0
2024-07-17 13:27:38+00:00,btc_mxn,1149739.98,1149740.02,0.0
2024-07-17 13:27:39+00:00,btc_mxn,1149739.98,1149740.02,0.0
2024-07-17 13:27:40+00:00,btc_mxn,1149739.98,1149740.02,0.0
2024-07-17 13:27:41+00:00,btc_mxn,1149739.98,1149740.02,0.0
2024-07-17 13:27:42+00:00,btc_mxn,1149739.98,1149740.02,0.0
2024-07-17 13:27:43+00:00,btc_mxn,1149739.98,1149740.02,0.0
2024-07-17 13:27:44+00:00,btc_mxn,1149739.98,1149740.02,0.0
2024-07-17 13:27:45+00:00,btc_mxn,1149739.98,1149740.02,0.0
2024-07-17 13:27:46+00:00,btc_mxn,1149739.98,1149740.02,0.0
2024-07-17 13:27:47+00:00,btc_mxn,1149739.98,1149740.02,0.0
2024-07-17 13:27:48+00:00,btc_mxn,1149739.98,1149740.02,0.0
2024-07-17 13:27:49+00:00,btc_mxn,1149739.98,1149740.02,0.0
2024-07-17 13:27:50+00:00,btc_mxn,1149739.98,1149740.02,0.0
2024-07-17 13:27:51+00:00,btc_mxn,1149739.98,1149740.02,0.0
2024-07-17 13:27:52+00:00,btc_mxn,1149739.98,1149740.02,0.0
2024-07-17 13:27:53+00:00,btc_mxn,1149739.98,1149740.02,0.0
2024-07-17 13:27:54+00:00,btc_mxn,1149739.98,1149740.02,0.0
2024-07-17 13:27:55+00:00,btc_mxn,1149739.98,1149740.02,0.0
2024-07-17 13:27:56+00:00,btc_mxn,1149739.98,1149740.02,0.0
2024-07-17 13:27:57+00:00,btc_mxn,1149739.98,1149740.02,0.0
2024-07-17 13:27:58+00:00,btc_mxn,1149739.98,1149740.02,0.0
2024-07-17 13:27:59+00:00,btc_mxn,1149739.98,1149740.02,0.0
2024-07-17 13:28:00+00:00,btc_mxn,1149739.98,1149740.02,0.0
2024-07-17 13:28:01+00:00,btc_mxn,1149739.98,1149740.02,0.0
2024-07-17 13:28:02+00:00,btc_mxn,1149739.98,1149740.02,0.0
2024-07-17 13:28:03+00:00,btc_mxn,1149739.98,1149740.02,0.0
2024-07-17 13:28:04+00:00,btc_mxn,1149739.98,1149740.02,0.0
2024-07-17 13:28:05+00:00,btc_mxn,1148100.0,1149060.0,0.084
2024-07-17 13:28:06+00:00,btc_mxn,1148100.0,1149060.0,0.084
2024-07-17 13:28:07+00:00,btc_mxn,1148100.0,1149060.0,0.084
2024-07-17 13:28:09+00:00,btc_mxn,1148100.0,1149060.0,0.084
2024-07-17 13:28:10+00:00,btc_mxn,1148100.0,1149060.0,0.084
2024-07-17 13:28:11+00:00,btc_mxn,1148100.0,1149060.0,0.084
2024-07-17 13:28:12+00:00,btc_mxn,1148100.0,1149060.0,0.084
2024-07-17 13:28:13+00:00,btc_mxn,1148100.0,1149060.0,0.084
2024-07-17 13:28:14+00:00,btc_mxn,1148100.0,1149060.0,0.084
2024-07-17 13:28:15+00:00,btc_mxn,1148100.0,1149060.0,0.084
2024-07-17 13:28:16+00:00,btc_mxn,1148100.0,1149060.0,0.084
2024-07-17 13:28:17+00:00,btc_mxn,1148100.0,1149060.0,0.084
2024-07-17 13:28:18+00:00,btc_mxn,1148100.0,1149060.0,0.084
2024-07-17 13:28:19+00:00,btc_mxn,1148100.0,1149060.0,0.084
2024-07-17 13:28:20+00:00,btc_mxn,1148100.0,1149060.0,0.084
2024-07-17 13:28:21+00:00,btc_mxn,1148100.0,1149060.0,0.084
2024-07-17 13:28:22+00:00,btc_mxn,1148100.0,1149060.0,0.084
2024-07-17 13:28:23+00:00,btc_mxn,1148100.0,1149060.0,0.084
2024-07-17 13:28:24+00:00,btc_mxn,1148100.0,1149060.0,0.084
2024-07-17 13:28:25+00:00,btc_mxn,1148100.0,1149060.0,0.084
2024-07-17 13:28:26+00:00,btc_mxn,1148100.0,1149060.0,0.084
2024-07-17 13:28:27+00:00,btc_mxn,1148100.0,1149060.0,0.084
2024-07-17 13:28:28+00:00,btc_mxn,1148100.0,1149060.0,0.084
2024-07-17 13:28:29+00:00,btc_mxn,1148100.0,1149060.0,0.084
2024-07-17 13:28:30+00:00,btc_mxn,1148100.0,1149060.0,0.084
2024-07-17 13:28:31+00:00,btc_mxn,1148100.0,1149060.0,0.084
2024-07-17 13:28:32+00:00,btc_mxn,1147940.0,1149060.0,0.097
2024-07-17 13:28:33+00:00,btc_mxn,1147940.0,1149060.0,0.097
2024-07-17 13:28:34+00:00,btc_mxn,1147940.0,1149060.0,0.097
2024-07-17 13:28:35+00:00,btc_mxn,1147940.0,1149060.0,0.097
2024-07-17 13:28:36+00:00,btc_mxn,1147940.0,1149060.0,0.097
2024-07-17 13:28:37+00:00,btc_mxn,1147940.0,1149060.0,0.097
2024-07-17 13:28:38+00:00,btc_mxn,1147940.0,1149060.0,0.097
2024-07-17 13:28:39+00:00,btc_mxn,1147940.0,1149060.0,0.097
2024-07-17 13:28:40+00:00,btc_mxn,1147940.0,1149060.0,0.097
2024-07-17 13:28:41+00:00,btc_mxn,1147940.0,1149060.0,0.097
2024-07-17 13:28:42+00:00,btc_mxn,1147940.0,1149060.0,0.097
2024-07-17 13:28:43+00:00,btc_mxn,1147940.0,1149060.0,0.097
2024-07-17 13:28:44+00:00,btc_mxn,1147940.0,1149060.0,0.097
2024-07-17 13:28:45+00:00,btc_mxn,1147940.0,1149060.0,0.097
2024-07-17 13:28:46+00:00,btc_mxn,1147940.0,1149060.0,0.097
2024-07-17 13:28:47+00:00,btc_mxn,1147940.0,1149060.0,0.097
2024-07-17 13:28:48+00:00,btc_mxn,1147940.0,1149060.0,0.097
2024-07-17 13:28:49+00:00,btc_mxn,1147940.0,1149060.0,0.097
2024-07-17 13:28:50+00:00,btc_mxn,1147940.0,1149060.0,0.097
2024-07-17 13:28:51+00:00,btc_mxn,1147940.0,1149060.0,0.097
2024-07-17 13:28:52+00:00,btc_mxn,1147940.0,1149060.0,0.097
2024-07-17 13:28:53+00:00,btc_mxn,1147940.0,1149060.0,0.097
2024-07-17 13:28:54+00:00,btc_mxn,1147940.0,1149060.0,0.097
2024-07-17 13:28:55+00:00,btc_mxn,1147940.0,1149060.0,0.097
2024-07-17 13:28:56+00:00,btc_mxn,1147940.0,1149060.0,0.097
2024-07-17 13:28:58+00:00,btc_mxn,1147940.0,1149060.0,0.097
2024-07-17 13:28:59+00:00,btc_mxn,1147940.0,1149060.0,0.097
2024-07-17 13:28:59+00:00,btc_mxn,1147940.0,1149060.0,0.097
2024-07-17 13:29:00+00:00,btc_mxn,1147940.0,1149060.0,0.097
2024-07-17 13:29:02+00:00,btc_mxn,1147940.0,1149060.0,0.097
2024-07-17 13:29:03+00:00,btc_mxn,1147940.0,1149060.0,0.097
2024-07-17 13:29:04+00:00,btc_mxn,1147940.0,1149060.0,0.097
2024-07-17 13:29:05+00:00,btc_mxn,1147900.0,1149060.0,0.101
2024-07-17 13:29:06+00:00,btc_mxn,1147900.0,1149060.0,0.101
2024-07-17 13:29:07+00:00,btc_mxn,1147900.0,1149060.0,0.101
2024-07-17 13:29:08+00:00,btc_mxn,1147900.0,1149060.0,0.101
2024-07-17 13:29:09+00:00,btc_mxn,1147900.0,1149060.0,0.101
2024-07-17 13:29:10+00:00,btc_mxn,1147900.0,1149060.0,0.101
2024-07-17 13:29:11+00:00,btc_mxn,1147900.0,1149060.0,0.101
2024-07-17 13:29:12+00:00,btc_mxn,1147900.0,1149060.0,0.101
2024-07-17 13:29:13+00:00,btc_mxn,1147900.0,1149060.0,0.101
2024-07-17 13:29:14+00:00,btc_mxn,1147900.0,1149060.0,0.101
2024-07-17 13:29:15+00:00,btc_mxn,1147900.0,1149060.0,0.101
2024-07-17 13:29:16+00:00,btc_mxn,1147900.0,1149060.0,0.101
2024-07-17 13:29:18+00:00,btc_mxn,1147900.0,1149060.0,0.101
2024-07-17 13:29:18+00:00,btc_mxn,1147900.0,1149060.0,0.101
2024-07-17 13:29:19+00:00,btc_mxn,1147900.0,1149060.0,0.101
2024-07-17 13:29:20+00:00,btc_mxn,1147900.0,1149060.0,0.101
2024-07-17 13:29:21+00:00,btc_mxn,1147900.0,1149060.0,0.101
2024-07-17 13:29:22+00:00,btc_mxn,1147900.0,1149060.0,0.101
2024-07-17 13:29:23+00:00,btc_mxn,1147900.0,1149060.0,0.101
2024-07-17 13:29:24+00:00,btc_mxn,1147900.0,1149060.0,0.101
2024-07-17 13:29:25+00:00,btc_mxn,1147900.0,1149060.0,0.101
2024-07-17 13:29:26+00:00,btc_mxn,1147900.0,1149060.0,0.101
2024-07-17 13:29:27+00:00,btc_mxn,1147900.0,1149060.0,0.101
2024-07-17 13:29:28+00:00,btc_mxn,1147900.0,1149060.0,0.101
2024-07-17 13:29:29+00:00,btc_mxn,1147900.0,1149060.0,0.101
2024-07-17 13:29:30+00:00,btc_mxn,1147900.0,1149060.0,0.101
2024-07-17 13:29:31+00:00,btc_mxn,1147900.0,1149060.0,0.101
2024-07-17 13:29:32+00:00,btc_mxn,1147900.0,1149060.0,0.101
2024-07-17 13:29:33+00:00,btc_mxn,1147900.0,1149060.0,0.101
2024-07-17 13:29:34+00:00,btc_mxn,1147900.0,1149060.0,0.101
2024-07-17 13:29:35+00:00,btc_mxn,1147900.0,1149060.0,0.101
2024-07-17 13:29:36+00:00,btc_mxn,1147900.0,1149060.0,0.101
2024-07-17 13:29:37+00:00,btc_mxn,1147900.0,1149060.0,0.101
2024-07-17 13:29:38+00:00,btc_mxn,1147900.0,1149060.0,0.101
2024-07-17 13:29:39+00:00,btc_mxn,1147900.0,1149060.0,0.101
2024-07-17 13:29:40+00:00,btc_mxn,1147900.0,1149060.0,0.101
2024-07-17 13:29:41+00:00,btc_mxn,1147900.0,1149060.0,0.101
2024-07-17 13:29:42+00:00,btc_mxn,1147900.0,1149060.0,0.101
2024-07-17 13:29:43+00:00,btc_mxn,1147900.0,1149060.0,0.101
2024-07-17 13:29:44+00:00,btc_mxn,1147900.0,1149060.0,0.101
2024-07-17 13:29:45+00:00,btc_mxn,1147900.0,1149060.0,0.101
2024-07-17 13:29:46+00:00,btc_mxn,1147900.0,1149060.0,0.101
2024-07-17 13:29:47+00:00,btc_mxn,1147900.0,1149060.0,0.101
2024-07-17 13:29:49+00:00,btc_mxn,1147900.0,1149060.0,0.101
2024-07-17 13:29:50+00:00,btc_mxn,1147900.0,1149060.0,0.101
2024-07-17 13:29:51+00:00,btc_mxn,1147900.0,1149060.0,0.101
2024-07-17 13:29:52+00:00,btc_mxn,1147900.0,1149060.0,0.101
2024-07-17 13:29:53+00:00,btc_mxn,1147900.0,1149060.0,0.101
2024-07-17 13:29:54+00:00,btc_mxn,1147900.0,1149060.0,0.101
2024-07-17 13:29:55+00:00,btc_mxn,1147900.0,1149060.0,0.101
2024-07-17 13:29:56+00:00,btc_mxn,1147900.0,1149060.0,0.101
2024-07-17 13:29:57+00:00,btc_mxn,1147900.0,1149060.0,0.101
2024-07-17 13:29:58+00:00,btc_mxn,1147900.0,1149060.0,0.101
2024-07-17 13:29:59+00:00,btc_mxn,1147900.0,1149060.0,0.101
2024-07-17 13:30:00+00:00,btc_mxn,1147900.0,1149060.0,0.101
2024-07-17 13:30:01+00:00,btc_mxn,1147900.0,1149060.0,0.101
2024-07-17 13:30:02+00:00,btc_mxn,1147610.0,1149410.0,0.157
2024-07-17 13:30:03+00:00,btc_mxn,1147610.0,1149410.0,0.157
2024-07-17 13:30:04+00:00,btc_mxn,1147610.0,1149410.0,0.157
2024-07-17 13:30:05+00:00,btc_mxn,1147610.0,1149410.0,0.157
2024-07-17 13:30:06+00:00,btc_mxn,1147830.0,1149410.0,0.137
2024-07-17 13:30:07+00:00,btc_mxn,1147830.0,1149410.0,0.137
2024-07-17 13:30:08+00:00,btc_mxn,1147830.0,1149410.0,0.137
2024-07-17 13:30:09+00:00,btc_mxn,1147830.0,1149410.0,0.137
2024-07-17 13:30:10+00:00,btc_mxn,1147830.0,1149410.0,0.137
2024-07-17 13:30:11+00:00,btc_mxn,1147830.0,1149740.02,0.166
2024-07-17 13:30:12+00:00,btc_mxn,1147860.0,1149740.02,0.164
2024-07-17 13:30:13+00:00,btc_mxn,1147860.0,1149740.02,0.164
2024-07-17 13:30:14+00:00,btc_mxn,1147860.0,1149740.02,0.164
2024-07-17 13:30:15+00:00,btc_mxn,1147860.0,1149740.02,0.164
2024-07-17 13:30:16+00:00,btc_mxn,1147860.0,1149740.02,0.164
2024-07-17 13:30:17+00:00,btc_mxn,1147860.0,1149740.02,0.164
2024-07-17 13:30:18+00:00,btc_mxn,1147860.0,1149740.02,0.164
2024-07-17 13:30:19+00:00,btc_mxn,1147860.0,1149740.02,0.164
2024-07-17 13:30:20+00:00,btc_mxn,1147860.0,1149740.02,0.164
2024-07-17 13:30:21+00:00,btc_mxn,1147860.0,1149740.02,0.164
2024-07-17 13:30:22+00:00,btc_mxn,1147940.0,1149740.02,0.157
2024-07-17 13:30:23+00:00,btc_mxn,1147940.0,1149740.02,0.157
2024-07-17 13:30:24+00:00,btc_mxn,1147940.0,1149740.02,0.157
2024-07-17 13:30:25+00:00,btc_mxn,1147940.0,1149740.02,0.157
2024-07-17 13:30:26+00:00,btc_mxn,1147940.0,1149740.02,0.157
2024-07-17 13:30:27+00:00,btc_mxn,1147940.0,1149740.02,0.157
2024-07-17 13:30:28+00:00,btc_mxn,1147940.0,1149740.02,0.157
2024-07-17 13:30:29+00:00,btc_mxn,1147940.0,1149740.02,0.157
2024-07-17 13:30:30+00:00,btc_mxn,1148020.0,1149740.02,0.15
2024-07-17 13:30:31+00:00,btc_mxn,1148020.0,1149740.02,0.15
2024-07-17 13:30:32+00:00,btc_mxn,1148020.0,1149740.02,0.15
2024-07-17 13:30:33+00:00,btc_mxn,1148020.0,1149740.02,0.15
2024-07-17 13:30:34+00:00,btc_mxn,1148020.0,1149740.02,0.15
2024-07-17 13:30:35+00:00,btc_mxn,1148020.0,1149740.02,0.15
2024-07-17 13:30:36+00:00,btc_mxn,1148020.0,1149740.02,0.15
2024-07-17 13:30:37+00:00,btc_mxn,1148020.0,1149740.02,0.15
2024-07-17 13:30:38+00:00,btc_mxn,1148020.0,1149740.02,0.15
2024-07-17 13:30:39+00:00,btc_mxn,1148020.0,1149740.02,0.15
2024-07-17 13:30:40+00:00,btc_mxn,1148020.0,1149740.02,0.15
2024-07-17 13:30:41+00:00,btc_mxn,1148020.0,1149740.02,0.15
2024-07-17 13:30:42+00:00,btc_mxn,1148020.0,1149740.02,0.15
2024-07-17 13:30:43+00:00,btc_mxn,1148020.0,1149740.02,0.15
2024-07-17 13:30:45+00:00,btc_mxn,1148020.0,1149740.02,0.15
2024-07-17 13:30:46+00:00,btc_mxn,1148020.0,1149740.02,0.15
2024-07-17 13:30:48+00:00,btc_mxn,1148020.0,1149740.02,0.15
2024-07-17 13:30:49+00:00,btc_mxn,1148020.0,1149740.02,0.15
2024-07-17 13:30:50+00:00,btc_mxn,1148020.0,1149740.02,0.15
2024-07-17 13:30:51+00:00,btc_mxn,1148020.0,1149740.02,0.15
2024-07-17 13:30:52+00:00,btc_mxn,1148020.0,1149740.02,0.15
2024-07-17 13:30:53+00:00,btc_mxn,1148020.0,1149740.02,0.15
2024-07-17 13:30:54+00:00,btc_mxn,1148020.0,1149740.02,0.15
2024-07-17 13:30:55+00:00,btc_mxn,1148020.0,1149740.02,0.15
2024-07-17 13:30:56+00:00,btc_mxn,1148020.0,1149740.02,0.15
2024-07-17 13:30:57+00:00,btc_mxn,1148020.0,1149740.02,0.15
2024-07-17 13:30:58+00:00,btc_mxn,1148020.0,1149740.02,0.15
2024-07-17 13:30:59+00:00,btc_mxn,1148020.0,1149740.02,0.15
2024-07-17 13:31:00+00:00,btc_mxn,1148020.0,1149740.02,0.15
2024-07-17 13:31:01+00:00,btc_mxn,1148020.0,1149740.02,0.15
2024-07-17 13:31:02+00:00,btc_mxn,1148020.0,1149740.02,0.15
2024-07-17 13:31:03+00:00,btc_mxn,1148020.0,1149740.02,0.15
2024-07-17 13:31:04+00:00,btc_mxn,1148020.0,1149740.02,0.15
2024-07-17 13:31:05+00:00,btc_mxn,1148020.0,1149740.02,0.15
2024-07-17 13:31:06+00:00,btc_mxn,1148020.0,1149730.0,0.149
2024-07-17 13:31:07+00:00,btc_mxn,1148020.0,1149730.0,0.149
2024-07-17 13:31:08+00:00,btc_mxn,1148020.0,1149730.0,0.149
2024-07-17 13:31:09+00:00,btc_mxn,1148020.0,1149730.0,0.149
2024-07-17 13:31:10+00:00,btc_mxn,1148020.0,1149730.0,0.149
2024-07-17 13:31:11+00:00,btc_mxn,1148020.0,1149730.0,0.149
2024-07-17 13:31:12+00:00,btc_mxn,1148020.0,1149730.0,0.149
2024-07-17 13:31:13+00:00,btc_mxn,1148020.0,1149730.0,0.149
2024-07-17 13:31:14+00:00,btc_mxn,1148020.0,1149730.0,0.149
2024-07-17 13:31:15+00:00,btc_mxn,1148020.0,1149730.0,0.149
2024-07-17 13:31:16+00:00,btc_mxn,1148020.0,1149730.0,0.149
2024-07-17 13:31:17+00:00,btc_mxn,1148020.0,1149730.0,0.149
2024-07-17 13:31:18+00:00,btc_mxn,1148020.0,1149740.02,0.15
2024-07-17 13:31:19+00:00,btc_mxn,1148020.0,1149740.02,0.15
2024-07-17 13:31:20+00:00,btc_mxn,1148020.0,1149740.02,0.15
2024-07-17 13:31:21+00:00,btc_mxn,1148020.0,1149740.02,0.15
2024-07-17 13:31:22+00:00,btc_mxn,1148020.0,1149740.02,0.15
2024-07-17 13:31:23+00:00,btc_mxn,1148020.0,1149740.02,0.15
2024-07-17 13:31:24+00:00,btc_mxn,1148020.0,1149740.02,0.15
2024-07-17 13:31:25+00:00,btc_mxn,1148020.0,1149740.02,0.15
2024-07-17 13:31:26+00:00,btc_mxn,1148020.0,1149740.02,0.15
2024-07-17 13:31:27+00:00,btc_mxn,1148020.0,1149740.02,0.15
2024-07-17 13:31:28+00:00,btc_mxn,1148020.0,1149740.02,0.15
2024-07-17 13:31:29+00:00,btc_mxn,1148020.0,1149740.02,0.15
2024-07-17 13:31:30+00:00,btc_mxn,1148020.0,1149740.02,0.15
2024-07-17 13:31:31+00:00,btc_mxn,1148020.0,1149740.02,0.15
2024-07-17 13:31:32+00:00,btc_mxn,1148020.0,1149740.02,0.15
2024-07-17 13:31:33+00:00,btc_mxn,1148020.0,1149740.02,0.15
2024-07-17 13:31:34+00:00,btc_mxn,1148020.0,1149740.02,0.15
2024-07-17 13:31:35+00:00,btc_mxn,1148020.0,1149740.02,0.15
2024-07-17 13:31:36+00:00,btc_mxn,1148020.0,1149740.02,0.15
2024-07-17 13:31:37+00:00,btc_mxn,1148020.0,1149740.02,0.15
2024-07-17 13:31:38+00:00,btc_mxn,1148020.0,1149740.02,0.15
2024-07-17 13:31:39+00:00,btc_mxn,1148020.0,1149740.02,0.15
2024-07-17 13:31:40+00:00,btc_mxn,1148020.0,1149740.02,0.15
2024-07-17 13:31:41+00:00,btc_mxn,1148020.0,1149740.02,0.15
2024-07-17 13:31:42+00:00,btc_mxn,1148020.0,1149740.02,0.15
2024-07-17 13:31:43+00:00,btc_mxn,1148020.0,1149740.02,0.15
2024-07-17 13:31:44+00:00,btc_mxn,1148020.0,1149740.02,0.15
2024-07-17 13:31:45+00:00,btc_mxn,1148020.0,1149740.02,0.15
2024-07-17 13:31:47+00:00,btc_mxn,1148020.0,1149740.02,0.15
2024-07-17 13:31:47+00:00,btc_mxn,1148020.0,1149740.02,0.15
2024-07-17 13:31:49+00:00,btc_mxn,1148020.0,1149740.02,0.15
2024-07-17 13:31:50+00:00,btc_mxn,1148020.0,1149740.02,0.15
2024-07-17 13:31:51+00:00,btc_mxn,1148020.0,1149740.02,0.15
2024-07-17 13:31:52+00:00,btc_mxn,1148020.0,1149740.02,0.15
2024-07-17 13:31:53+00:00,btc_mxn,1148020.0,1149740.02,0.15
2024-07-17 13:31:54+00:00,btc_mxn,1148020.0,1149740.02,0.15
2024-07-17 13:31:55+00:00,btc_mxn,1148020.0,1149740.02,0.15
2024-07-17 13:31:56+00:00,btc_mxn,1148020.0,1149740.02,0.15
2024-07-17 13:31:57+00:00,btc_mxn,1148020.0,1149740.02,0.15
2024-07-17 13:31:58+00:00,btc_mxn,1148020.0,1149740.02,0.15
2024-07-17 13:31:59+00:00,btc_mxn,1148020.0,1149740.02,0.15
2024-07-17 13:32:00+00:00,btc_mxn,1148020.0,1149740.02,0.15
2024-07-17 13:32:02+00:00,btc_mxn,1148020.0,1149740.02,0.15
2024-07-17 13:32:03+00:00,btc_mxn,1148020.0,1149740.02,0.15
2024-07-17 13:32:03+00:00,btc_mxn,1148020.0,1149740.02,0.15
2024-07-17 13:32:04+00:00,btc_mxn,1148020.0,1149740.02,0.15
2024-07-17 13:32:05+00:00,btc_mxn,1148020.0,1149740.02,0.15
2024-07-17 13:32:06+00:00,btc_mxn,1148020.0,1149740.02,0.15
2024-07-17 13:32:07+00:00,btc_mxn,1148020.0,1149740.02,0.15
2024-07-17 13:32:08+00:00,btc_mxn,1148020.0,1149740.02,0.15
2024-07-17 13:32:09+00:00,btc_mxn,1150339.98,1150340.02,0.0
2024-07-17 13:32:10+00:00,btc_mxn,1150339.98,1150340.02,0.0
2024-07-17 13:32:11+00:00,btc_mxn,1150339.98,1150340.02,0.0
2024-07-17 13:32:12+00:00,btc_mxn,1148020.0,1150330.0,0.201
2024-07-17 13:32:13+00:00,btc_mxn,1148020.0,1150330.0,0.201
2024-07-17 13:32:14+00:00,btc_mxn,1148020.0,1150330.0,0.201
2024-07-17 13:32:15+00:00,btc_mxn,1148020.0,1150330.0,0.201
2024-07-17 13:32:16+00:00,btc_mxn,1148020.0,1150330.0,0.201
2024-07-17 13:32:17+00:00,btc_mxn,1148020.0,1150330.0,0.201
2024-07-17 13:32:18+00:00,btc_mxn,1148160.0,1150280.0,0.184
2024-07-17 13:32:19+00:00,btc_mxn,1148160.0,1150280.0,0.184
2024-07-17 13:32:20+00:00,btc_mxn,1148160.0,1150280.0,0.184
2024-07-17 13:32:21+00:00,btc_mxn,1148160.0,1150280.0,0.184
2024-07-17 13:32:22+00:00,btc_mxn,1148160.0,1150280.0,0.184
2024-07-17 13:32:23+00:00,btc_mxn,1148160.0,1150280.0,0.184
2024-07-17 13:32:24+00:00,btc_mxn,1148160.0,1150280.0,0.184
2024-07-17 13:32:25+00:00,btc_mxn,1148160.0,1150280.0,0.184
2024-07-17 13:32:26+00:00,btc_mxn,1148160.0,1150280.0,0.184
2024-07-17 13:32:27+00:00,btc_mxn,1148160.0,1150280.0,0.184
2024-07-17 13:32:28+00:00,btc_mxn,1148160.0,1150280.0,0.184
2024-07-17 13:32:29+00:00,btc_mxn,1148160.0,1150280.0,0.184
2024-07-17 13:32:30+00:00,btc_mxn,1148020.0,1149790.0,0.154
2024-07-17 13:32:31+00:00,btc_mxn,1148020.0,1149770.0,0.152
2024-07-17 13:32:32+00:00,btc_mxn,1148020.0,1149770.0,0.152
2024-07-17 13:32:33+00:00,btc_mxn,1148020.0,1149770.0,0.152
2024-07-17 13:32:34+00:00,btc_mxn,1148020.0,1149770.0,0.152
2024-07-17 13:32:35+00:00,btc_mxn,1148020.0,1149790.0,0.154
2024-07-17 13:32:36+00:00,btc_mxn,1148020.0,1149790.0,0.154
2024-07-17 13:32:37+00:00,btc_mxn,1148020.0,1149790.0,0.154
2024-07-17 13:32:38+00:00,btc_mxn,1148020.0,1149790.0,0.154
2024-07-17 13:32:39+00:00,btc_mxn,1148020.0,1149790.0,0.154
2024-07-17 13:32:40+00:00,btc_mxn,1148020.0,1149790.0,0.154
2024-07-17 13:32:41+00:00,btc_mxn,1148020.0,1149790.0,0.154
2024-07-17 13:32:42+00:00,btc_mxn,1148020.0,1149790.0,0.154
2024-07-17 13:32:43+00:00,btc_mxn,1148020.0,1149790.0,0.154
2024-07-17 13:32:44+00:00,btc_mxn,1148020.0,1149790.0,0.154
2024-07-17 13:32:45+00:00,btc_mxn,1148020.0,1149790.0,0.154
2024-07-17 13:32:46+00:00,btc_mxn,1148020.0,1149790.0,0.154
2024-07-17 13:32:48+00:00,btc_mxn,1148020.0,1149790.0,0.154
2024-07-17 13:32:49+00:00,btc_mxn,1148020.0,1149790.0,0.154
2024-07-17 13:32:50+00:00,btc_mxn,1148020.0,1149790.0,0.154
2024-07-17 13:32:51+00:00,btc_mxn,1148020.0,1149790.0,0.154
2024-07-17 13:32:52+00:00,btc_mxn,1148020.0,1149790.0,0.154
2024-07-17 13:32:53+00:00,btc_mxn,1148020.0,1149790.0,0.154
2024-07-17 13:32:54+00:00,btc_mxn,1148020.0,1149790.0,0.154
2024-07-17 13:32:55+00:00,btc_mxn,1148020.0,1149790.0,0.154
2024-07-17 13:32:56+00:00,btc_mxn,1148020.0,1149790.0,0.154
2024-07-17 13:32:57+00:00,btc_mxn,1148020.0,1149790.0,0.154
2024-07-17 13:32:58+00:00,btc_mxn,1148020.0,1149790.0,0.154
2024-07-17 13:32:59+00:00,btc_mxn,1148020.0,1149790.0,0.154
2024-07-17 13:33:00+00:00,btc_mxn,1148020.0,1149790.0,0.154
2024-07-17 13:33:01+00:00,btc_mxn,1148020.0,1149790.0,0.154
2024-07-17 13:33:02+00:00,btc_mxn,1148020.0,1149790.0,0.154
2024-07-17 13:33:03+00:00,btc_mxn,1148020.0,1149790.0,0.154
2024-07-17 13:33:04+00:00,btc_mxn,1148020.0,1149600.0,0.137
2024-07-17 13:33:05+00:00,btc_mxn,1148020.0,1149600.0,0.137
2024-07-17 13:33:06+00:00,btc_mxn,1148020.0,1149600.0,0.137
2024-07-17 13:33:08+00:00,btc_mxn,1148020.0,1149600.0,0.137
2024-07-17 13:33:09+00:00,btc_mxn,1148020.0,1149600.0,0.137
2024-07-17 13:33:10+00:00,btc_mxn,1148020.0,1149600.0,0.137
2024-07-17 13:33:11+00:00,btc_mxn,1148020.0,1149790.0,0.154
2024-07-17 13:33:12+00:00,btc_mxn,1148020.0,1149790.0,0.154
2024-07-17 13:33:13+00:00,btc_mxn,1148020.0,1149790.0,0.154
2024-07-17 13:33:14+00:00,btc_mxn,1148020.0,1149790.0,0.154
2024-07-17 13:33:15+00:00,btc_mxn,1148020.0,1149790.0,0.154
2024-07-17 13:33:16+00:00,btc_mxn,1148020.0,1149790.0,0.154
2024-07-17 13:33:17+00:00,btc_mxn,1148020.0,1149790.0,0.154
2024-07-17 13:33:18+00:00,btc_mxn,1148020.0,1149790.0,0.154
2024-07-17 13:33:19+00:00,btc_mxn,1148020.0,1149790.0,0.154
2024-07-17 13:33:20+00:00,btc_mxn,1148020.0,1149790.0,0.154
2024-07-17 13:33:21+00:00,btc_mxn,1148020.0,1149790.0,0.154
2024-07-17 13:33:22+00:00,btc_mxn,1148020.0,1149790.0,0.154
2024-07-17 13:33:23+00:00,btc_mxn,1148020.0,1149790.0,0.154
2024-07-17 13:33:24+00:00,btc_mxn,1148020.0,1149790.0,0.154
2024-07-17 13:33:25+00:00,btc_mxn,1148020.0,1149790.0,0.154
2024-07-17 13:33:26+00:00,btc_mxn,1148020.0,1149790.0,0.154
2024-07-17 13:33:27+00:00,btc_mxn,1148020.0,1149790.0,0.154
2024-07-17 13:33:28+00:00,btc_mxn,1148020.0,1149790.0,0.154
2024-07-17 13:33:29+00:00,btc_mxn,1148020.0,1149790.0,0.154
2024-07-17 13:33:30+00:00,btc_mxn,1148020.0,1149790.0,0.154
2024-07-17 13:33:31+00:00,btc_mxn,1145640.0,1149140.0,0.305
2024-07-17 13:33:32+00:00,btc_mxn,1145640.0,1149140.0,0.305
2024-07-17 13:33:33+00:00,btc_mxn,1145640.0,1149140.0,0.305
2024-07-17 13:33:34+00:00,btc_mxn,1145640.0,1149140.0,0.305
2024-07-17 13:33:35+00:00,btc_mxn,1145640.0,1149140.0,0.305
2024-07-17 13:33:36+00:00,btc_mxn,1145640.0,1149140.0,0.305
2024-07-17 13:33:37+00:00,btc_mxn,1145810.0,1149140.0,0.29
2024-07-17 13:33:38+00:00,btc_mxn,1145810.0,1149140.0,0.29
2024-07-17 13:33:39+00:00,btc_mxn,1145810.0,1149140.0,0.29
2024-07-17 13:33:40+00:00,btc_mxn,1145810.0,1149140.0,0.29
2024-07-17 13:33:41+00:00,btc_mxn,1145810.0,1149140.0,0.29
2024-07-17 13:33:42+00:00,btc_mxn,1145810.0,1149140.0,0.29
2024-07-17 13:33:43+00:00,btc_mxn,1145810.0,1149140.0,0.29
2024-07-17 13:33:44+00:00,btc_mxn,1145810.0,1149140.0,0.29
2024-07-17 13:33:45+00:00,btc_mxn,1145810.0,1149140.0,0.29
2024-07-17 13:33:46+00:00,btc_mxn,1145810.0,1149140.0,0.29
2024-07-17 13:33:47+00:00,btc_mxn,1145810.0,1149140.0,0.29
2024-07-17 13:33:48+00:00,btc_mxn,1145810.0,1149140.0,0.29
2024-07-17 13:33:49+00:00,btc_mxn,1145810.0,1149140.0,0.29
2024-07-17 13:33:50+00:00,btc_mxn,1145810.0,1149140.0,0.29
2024-07-17 13:33:51+00:00,btc_mxn,1145810.0,1149140.0,0.29
2024-07-17 13:33:52+00:00,btc_mxn,1145810.0,1149140.0,0.29
2024-07-17 13:33:53+00:00,btc_mxn,1145810.0,1149140.0,0.29
2024-07-17 13:33:54+00:00,btc_mxn,1145810.0,1149140.0,0.29
2024-07-17 13:33:55+00:00,btc_mxn,1145810.0,1149140.0,0.29
2024-07-17 13:33:56+00:00,btc_mxn,1145810.0,1149140.0,0.29
2024-07-17 13:33:57+00:00,btc_mxn,1145810.0,1149140.0,0.29
2024-07-17 13:33:58+00:00,btc_mxn,1145810.0,1149140.0,0.29
2024-07-17 13:33:59+00:00,btc_mxn,1146180.0,1149140.0,0.258
2024-07-17 13:34:00+00:00,btc_mxn,1146180.0,1149140.0,0.258
2024-07-17 13:34:01+00:00,btc_mxn,1146180.0,1149140.0,0.258
2024-07-17 13:34:02+00:00,btc_mxn,1146260.0,1149140.0,0.251
2024-07-17 13:34:03+00:00,btc_mxn,1146260.0,1149140.0,0.251
2024-07-17 13:34:05+00:00,btc_mxn,1146380.0,1149140.0,0.24
2024-07-17 13:34:06+00:00,btc_mxn,1146380.0,1149140.0,0.24
2024-07-17 13:34:07+00:00,btc_mxn,1146390.0,1149140.0,0.239
2024-07-17 13:34:08+00:00,btc_mxn,1146390.0,1149140.0,0.239
2024-07-17 13:34:09+00:00,btc_mxn,1146450.0,1149140.0,0.234
2024-07-17 13:34:10+00:00,btc_mxn,1146450.0,1149140.0,0.234
2024-07-17 13:34:11+00:00,btc_mxn,1146450.0,1149140.0,0.234
2024-07-17 13:34:12+00:00,btc_mxn,1146450.0,1149140.0,0.234
2024-07-17 13:34:13+00:00,btc_mxn,1146450.0,1149140.0,0.234
2024-07-17 13:34:14+00:00,btc_mxn,1146660.0,1149140.0,0.216
2024-07-17 13:34:15+00:00,btc_mxn,1146660.0,1149140.0,0.216
2024-07-17 13:34:16+00:00,btc_mxn,1146660.0,1149140.0,0.216
2024-07-17 13:34:17+00:00,btc_mxn,1146450.0,1149140.0,0.234
2024-07-17 13:34:18+00:00,btc_mxn,1146770.0,1149140.0,0.206
2024-07-17 13:34:19+00:00,btc_mxn,1146770.0,1149140.0,0.206
2024-07-17 13:34:20+00:00,btc_mxn,1146770.0,1149140.0,0.206
2024-07-17 13:34:21+00:00,btc_mxn,1146770.0,1149140.0,0.206
2024-07-17 13:34:22+00:00,btc_mxn,1146770.0,1149140.0,0.206
2024-07-17 13:34:23+00:00,btc_mxn,1146770.0,1149140.0,0.206
2024-07-17 13:34:24+00:00,btc_mxn,1146770.0,1149140.0,0.206
2024-07-17 13:34:25+00:00,btc_mxn,1146770.0,1149140.0,0.206
2024-07-17 13:34:26+00:00,btc_mxn,1146770.0,1149140.0,0.206
2024-07-17 13:34:27+00:00,btc_mxn,1146770.0,1149140.0,0.206
2024-07-17 13:34:28+00:00,btc_mxn,1146770.0,1149140.0,0.206
2024-07-17 13:34:29+00:00,btc_mxn,1146980.0,1149140.0,0.188
2024-07-17 13:34:30+00:00,btc_mxn,1146450.0,1149140.0,0.234
2024-07-17 13:34:31+00:00,btc_mxn,1147100.0,1149140.0,0.178
2024-07-17 13:34:32+00:00,btc_mxn,1147100.0,1149140.0,0.178
2024-07-17 13:34:33+00:00,btc_mxn,1147240.0,1149140.0,0.165
2024-07-17 13:34:34+00:00,btc_mxn,1147240.0,1149140.0,0.165
2024-07-17 13:34:35+00:00,btc_mxn,1147240.0,1149140.0,0.165
2024-07-17 13:34:36+00:00,btc_mxn,1147240.0,1149140.0,0.165
2024-07-17 13:34:37+00:00,btc_mxn,1147240.0,1149140.0,0.165
2024-07-17 13:34:38+00:00,btc_mxn,1147240.0,1149820.0,0.224
2024-07-17 13:34:39+00:00,btc_mxn,1147240.0,1149820.0,0.224
2024-07-17 13:34:40+00:00,btc_mxn,1147240.0,1149820.0,0.224
2024-07-17 13:34:41+00:00,btc_mxn,1147240.0,1149820.0,0.224
2024-07-17 13:34:42+00:00,btc_mxn,1147240.0,1149820.0,0.224
2024-07-17 13:34:44+00:00,btc_mxn,1147240.0,1149820.0,0.224
2024-07-17 13:34:45+00:00,btc_mxn,1147240.0,1149820.0,0.224
2024-07-17 13:34:46+00:00,btc_mxn,1147240.0,1149820.0,0.224
2024-07-17 13:34:47+00:00,btc_mxn,1147240.0,1149820.0,0.224
2024-07-17 13:34:48+00:00,btc_mxn,1147240.0,1149820.0,0.224
2024-07-17 13:34:49+00:00,btc_mxn,1147240.0,1149820.0,0.224
2024-07-17 13:34:50+00:00,btc_mxn,1147240.0,1149820.0,0.224
2024-07-17 13:34:51+00:00,btc_mxn,1147240.0,1149820.0,0.224
2024-07-17 13:34:52+00:00,btc_mxn,1147240.0,1149820.0,0.224
2024-07-17 13:34:53+00:00,btc_mxn,1147240.0,1149820.0,0.224
2024-07-17 13:34:54+00:00,btc_mxn,1147240.0,1149820.0,0.224
2024-07-17 13:34:55+00:00,btc_mxn,1147240.0,1149820.0,0.224
2024-07-17 13:34:56+00:00,btc_mxn,1147240.0,1149820.0,0.224
2024-07-17 13:34:57+00:00,btc_mxn,1147240.0,1149820.0,0.224
2024-07-17 13:34:58+00:00,btc_mxn,1147240.0,1149820.0,0.224
2024-07-17 13:34:59+00:00,btc_mxn,1147240.0,1149820.0,0.224
2024-07-17 13:35:00+00:00,btc_mxn,1147240.0,1149820.0,0.224
2024-07-17 13:35:01+00:00,btc_mxn,1147240.0,1149820.0,0.224
2024-07-17 13:35:02+00:00,btc_mxn,1147240.0,1149820.0,0.224
2024-07-17 13:35:04+00:00,btc_mxn,1147970.0,1149820.0,0.161
2024-07-17 13:35:04+00:00,btc_mxn,1147970.0,1149820.0,0.161
2024-07-17 13:35:05+00:00,btc_mxn,1147970.0,1149820.0,0.161
2024-07-17 13:35:06+00:00,btc_mxn,1147970.0,1149820.0,0.161
2024-07-17 13:35:07+00:00,btc_mxn,1147970.0,1149820.0,0.161
2024-07-17 13:35:08+00:00,btc_mxn,1147970.0,1149820.0,0.161
2024-07-17 13:35:09+00:00,btc_mxn,1147970.0,1149820.0,0.161
2024-07-17 13:35:10+00:00,btc_mxn,1148010.0,1149820.0,0.157
2024-07-17 13:35:11+00:00,btc_mxn,1148010.0,1149820.0,0.157
2024-07-17 13:35:12+00:00,btc_mxn,1148010.0,1149820.0,0.157
2024-07-17 13:35:13+00:00,btc_mxn,1148010.0,1149820.0,0.157
2024-07-17 13:35:14+00:00,btc_mxn,1147660.0,1149820.0,0.188
2024-07-17 13:35:15+00:00,btc_mxn,1147660.0,1149820.0,0.188
2024-07-17 13:35:16+00:00,btc_mxn,1147940.0,1149820.0,0.164
2024-07-17 13:35:17+00:00,btc_mxn,1147940.0,1149820.0,0.164
2024-07-17 13:35:18+00:00,btc_mxn,1147940.0,1149820.0,0.164
2024-07-17 13:35:19+00:00,btc_mxn,1147940.0,1149820.0,0.164
2024-07-17 13:35:20+00:00,btc_mxn,1147940.0,1149820.0,0.164
2024-07-17 13:35:22+00:00,btc_mxn,1147940.0,1149820.0,0.164
2024-07-17 13:35:23+00:00,btc_mxn,1147940.0,1149820.0,0.164
2024-07-17 13:35:24+00:00,btc_mxn,1147940.0,1149820.0,0.164
2024-07-17 13:35:25+00:00,btc_mxn,1148220.0,1149820.0,0.139
2024-07-17 13:35:26+00:00,btc_mxn,1148220.0,1149820.0,0.139
2024-07-17 13:35:27+00:00,btc_mxn,1148220.0,1149820.0,0.139
2024-07-17 13:35:28+00:00,btc_mxn,1148220.0,1149820.0,0.139
2024-07-17 13:35:29+00:00,btc_mxn,1148220.0,1149820.0,0.139
2024-07-17 13:35:30+00:00,btc_mxn,1148330.0,1149820.0,0.13
2024-07-17 13:35:31+00:00,btc_mxn,1148330.0,1149820.0,0.13
2024-07-17 13:35:32+00:00,btc_mxn,1148330.0,1149820.0,0.13
2024-07-17 13:35:33+00:00,btc_mxn,1148330.0,1149820.0,0.13
2024-07-17 13:35:34+00:00,btc_mxn,1148330.0,1149820.0,0.13
2024-07-17 13:35:35+00:00,btc_mxn,1148330.0,1149820.0,0.13
2024-07-17 13:35:36+00:00,btc_mxn,1148330.0,1149820.0,0.13
2024-07-17 13:35:37+00:00,btc_mxn,1148330.0,1149820.0,0.13
2024-07-17 13:35:38+00:00,btc_mxn,1148330.0,1149820.0,0.13
2024-07-17 13:35:39+00:00,btc_mxn,1148330.0,1149820.0,0.13
2024-07-17 13:35:40+00:00,btc_mxn,1148330.0,1149820.0,0.13
2024-07-17 13:35:41+00:00,btc_mxn,1148330.0,1149820.0,0.13
2024-07-17 13:35:42+00:00,btc_mxn,1148330.0,1149820.0,0.13
2024-07-17 13:35:43+00:00,btc_mxn,1148330.0,1149820.0,0.13
2024-07-17 13:35:44+00:00,btc_mxn,1148330.0,1149820.0,0.13
2024-07-17 13:35:45+00:00,btc_mxn,1148330.0,1149820.0,0.13
2024-07-17 13:35:46+00:00,btc_mxn,1148330.0,1149820.0,0.13
2024-07-17 13:35:47+00:00,btc_mxn,1148330.0,1149820.0,0.13
2024-07-17 13:35:48+00:00,btc_mxn,1148330.0,1149820.0,0.13
2024-07-17 13:35:49+00:00,btc_mxn,1148330.0,1149820.0,0.13
2024-07-17 13:35:50+00:00,btc_mxn,1148330.0,1149820.0,0.13
2024-07-17 13:35:51+00:00,btc_mxn,1148330.0,1149820.0,0.13
2024-07-17 13:35:52+00:00,btc_mxn,1148330.0,1149820.0,0.13
2024-07-17 13:35:53+00:00,btc_mxn,1148330.0,1149820.0,0.13
2024-07-17 13:35:54+00:00,btc_mxn,1148330.0,1149820.0,0.13
2024-07-17 13:35:55+00:00,btc_mxn,1148330.0,1149820.0,0.13
