orderbook_timestamp,book,bid,ask,spread
2024-07-17 02:20:24+00:00,usd_mxn,17.63,17.66,0.17
2024-07-17 02:20:25+00:00,usd_mxn,17.63,17.66,0.17
2024-07-17 02:20:26+00:00,usd_mxn,17.63,17.64,0.057
2024-07-17 02:20:27+00:00,usd_mxn,17.63,17.64,0.057
2024-07-17 02:20:28+00:00,usd_mxn,17.63,17.64,0.057
2024-07-17 02:20:29+00:00,usd_mxn,17.63,17.64,0.057
2024-07-17 02:20:30+00:00,usd_mxn,17.63,17.64,0.057
2024-07-17 02:20:31+00:00,usd_mxn,17.63,17.64,0.057
2024-07-17 02:20:32+00:00,usd_mxn,17.63,17.64,0.057
2024-07-17 02:20:33+00:00,usd_mxn,17.63,17.64,0.057
2024-07-17 02:20:34+00:00,usd_mxn,17.63,17.64,0.057
2024-07-17 02:20:35+00:00,usd_mxn,17.63,17.64,0.057
2024-07-17 02:20:36+00:00,usd_mxn,17.63,17.64,0.057
2024-07-17 02:20:37+00:00,usd_mxn,17.63,17.64,0.057
2024-07-17 02:20:38+00:00,usd_mxn,17.63,17.64,0.057
2024-07-17 02:20:39+00:00,usd_mxn,17.63,17.64,0.057
2024-07-17 02:20:40+00:00,usd_mxn,17.63,17.64,0.057
2024-07-17 02:20:41+00:00,usd_mxn,17.63,17.64,0.057
2024-07-17 02:20:42+00:00,usd_mxn,17.63,17.64,0.057
2024-07-17 02:20:43+00:00,usd_mxn,17.63,17.64,0.057
2024-07-17 02:20:45+00:00,usd_mxn,17.63,17.64,0.057
2024-07-17 02:20:45+00:00,usd_mxn,17.63,17.64,0.057
2024-07-17 02:20:46+00:00,usd_mxn,17.63,17.64,0.057
2024-07-17 02:20:47+00:00,usd_mxn,17.63,17.64,0.057
2024-07-17 02:20:48+00:00,usd_mxn,17.63,17.64,0.057
2024-07-17 02:20:49+00:00,usd_mxn,17.63,17.64,0.057
2024-07-17 02:20:50+00:00,usd_mxn,17.63,17.64,0.057
2024-07-17 02:20:51+00:00,usd_mxn,17.63,17.64,0.057
2024-07-17 02:20:53+00:00,usd_mxn,17.63,17.64,0.057
2024-07-17 02:20:53+00:00,usd_mxn,17.63,17.64,0.057
2024-07-17 02:20:54+00:00,usd_mxn,17.63,17.64,0.057
2024-07-17 02:20:56+00:00,usd_mxn,17.63,17.64,0.057
2024-07-17 02:20:57+00:00,usd_mxn,17.63,17.64,0.057
2024-07-17 02:20:58+00:00,usd_mxn,17.63,17.64,0.057
2024-07-17 02:20:59+00:00,usd_mxn,17.63,17.64,0.057
2024-07-17 02:21:00+00:00,usd_mxn,17.63,17.64,0.057
2024-07-17 02:21:01+00:00,usd_mxn,17.63,17.64,0.057
2024-07-17 02:21:02+00:00,usd_mxn,17.63,17.64,0.057
2024-07-17 02:21:03+00:00,usd_mxn,17.63,17.64,0.057
2024-07-17 02:21:04+00:00,usd_mxn,17.63,17.64,0.057
2024-07-17 02:21:05+00:00,usd_mxn,17.63,17.64,0.057
2024-07-17 02:21:06+00:00,usd_mxn,17.63,17.64,0.057
2024-07-17 02:21:07+00:00,usd_mxn,17.63,17.64,0.057
2024-07-17 02:21:08+00:00,usd_mxn,17.63,17.64,0.057
2024-07-17 02:21:09+00:00,usd_mxn,17.63,17.64,0.057
2024-07-17 02:21:10+00:00,usd_mxn,17.63,17.64,0.057
2024-07-17 02:21:11+00:00,usd_mxn,17.63,17.64,0.057
2024-07-17 02:21:12+00:00,usd_mxn,17.63,17.64,0.057
2024-07-17 02:21:13+00:00,usd_mxn,17.63,17.64,0.057
2024-07-17 02:21:14+00:00,usd_mxn,17.63,17.64,0.057
2024-07-17 02:21:15+00:00,usd_mxn,17.63,17.64,0.057
2024-07-17 02:21:16+00:00,usd_mxn,17.63,17.64,0.057
2024-07-17 02:21:17+00:00,usd_mxn,17.63,17.64,0.057
2024-07-17 02:21:18+00:00,usd_mxn,17.63,17.64,0.057
2024-07-17 02:21:19+00:00,usd_mxn,17.63,17.64,0.057
2024-07-17 02:21:20+00:00,usd_mxn,17.63,17.64,0.057
2024-07-17 02:21:21+00:00,usd_mxn,17.63,17.64,0.057
2024-07-17 02:21:22+00:00,usd_mxn,17.63,17.64,0.057
2024-07-17 02:21:23+00:00,usd_mxn,17.63,17.64,0.057
2024-07-17 02:21:24+00:00,usd_mxn,17.63,17.64,0.057
2024-07-17 02:21:25+00:00,usd_mxn,17.63,17.64,0.057
2024-07-17 02:21:26+00:00,usd_mxn,17.63,17.66,0.17
2024-07-17 02:21:27+00:00,usd_mxn,17.63,17.66,0.17
2024-07-17 02:21:28+00:00,usd_mxn,17.63,17.66,0.17
2024-07-17 02:21:29+00:00,usd_mxn,17.63,17.66,0.17
2024-07-17 02:21:30+00:00,usd_mxn,17.63,17.66,0.17
2024-07-17 02:21:31+00:00,usd_mxn,17.63,17.66,0.17
2024-07-17 02:21:32+00:00,usd_mxn,17.63,17.66,0.17
2024-07-17 02:21:33+00:00,usd_mxn,17.63,17.64,0.057
2024-07-17 02:21:34+00:00,usd_mxn,17.63,17.64,0.057
2024-07-17 02:21:35+00:00,usd_mxn,17.63,17.64,0.057
2024-07-17 02:21:36+00:00,usd_mxn,17.63,17.64,0.057
2024-07-17 02:21:37+00:00,usd_mxn,17.63,17.64,0.057
2024-07-17 02:21:38+00:00,usd_mxn,17.63,17.64,0.057
2024-07-17 02:21:39+00:00,usd_mxn,17.63,17.64,0.057
2024-07-17 02:21:40+00:00,usd_mxn,17.63,17.64,0.057
2024-07-17 02:21:41+00:00,usd_mxn,17.63,17.64,0.057
2024-07-17 02:21:42+00:00,usd_mxn,17.63,17.64,0.057
2024-07-17 02:21:43+00:00,usd_mxn,17.63,17.64,0.057
2024-07-17 02:21:44+00:00,usd_mxn,17.63,17.64,0.057
2024-07-17 02:21:45+00:00,usd_mxn,17.63,17.64,0.057
2024-07-17 02:21:46+00:00,usd_mxn,17.63,17.64,0.057
2024-07-17 02:21:47+00:00,usd_mxn,17.63,17.64,0.057
2024-07-17 02:21:49+00:00,usd_mxn,17.63,17.64,0.057
2024-07-17 02:21:49+00:00,usd_mxn,17.63,17.64,0.057
2024-07-17 02:21:50+00:00,usd_mxn,17.63,17.64,0.057
2024-07-17 02:21:51+00:00,usd_mxn,17.63,17.64,0.057
2024-07-17 02:21:52+00:00,usd_mxn,17.63,17.64,0.057
2024-07-17 02:21:53+00:00,usd_mxn,17.63,17.64,0.057
2024-07-17 02:21:54+00:00,usd_mxn,17.63,17.64,0.057
2024-07-17 02:21:55+00:00,usd_mxn,17.63,17.64,0.057
2024-07-17 02:21:56+00:00,usd_mxn,17.63,17.64,0.057
2024-07-17 02:21:57+00:00,usd_mxn,17.63,17.64,0.057
2024-07-17 02:21:58+00:00,usd_mxn,17.63,17.64,0.057
2024-07-17 02:21:59+00:00,usd_mxn,17.63,17.64,0.057
2024-07-17 02:22:00+00:00,usd_mxn,17.63,17.64,0.057
2024-07-17 02:22:01+00:00,usd_mxn,17.63,17.64,0.057
2024-07-17 02:22:02+00:00,usd_mxn,17.63,17.64,0.057
2024-07-17 02:22:03+00:00,usd_mxn,17.63,17.64,0.057
2024-07-17 02:22:04+00:00,usd_mxn,17.63,17.64,0.057
2024-07-17 02:22:05+00:00,usd_mxn,17.63,17.64,0.057
2024-07-17 02:22:06+00:00,usd_mxn,17.63,17.64,0.057
2024-07-17 02:22:08+00:00,usd_mxn,17.63,17.64,0.057
2024-07-17 02:22:08+00:00,usd_mxn,17.63,17.64,0.057
2024-07-17 02:22:09+00:00,usd_mxn,17.63,17.64,0.057
2024-07-17 02:22:10+00:00,usd_mxn,17.63,17.64,0.057
2024-07-17 02:22:11+00:00,usd_mxn,17.63,17.64,0.057
2024-07-17 02:22:13+00:00,usd_mxn,17.63,17.64,0.057
2024-07-17 02:22:14+00:00,usd_mxn,17.63,17.64,0.057
2024-07-17 02:22:15+00:00,usd_mxn,17.63,17.64,0.057
2024-07-17 02:22:16+00:00,usd_mxn,17.63,17.64,0.057
2024-07-17 02:22:17+00:00,usd_mxn,17.63,17.64,0.057
2024-07-17 02:22:18+00:00,usd_mxn,17.63,17.64,0.057
2024-07-17 02:22:19+00:00,usd_mxn,17.63,17.64,0.057
2024-07-17 02:22:20+00:00,usd_mxn,17.63,17.64,0.057
2024-07-17 02:22:21+00:00,usd_mxn,17.63,17.64,0.057
2024-07-17 02:22:22+00:00,usd_mxn,17.63,17.64,0.057
2024-07-17 02:22:23+00:00,usd_mxn,17.63,17.64,0.057
2024-07-17 02:22:24+00:00,usd_mxn,17.63,17.64,0.057
2024-07-17 02:22:25+00:00,usd_mxn,17.63,17.64,0.057
2024-07-17 02:22:26+00:00,usd_mxn,17.63,17.64,0.057
2024-07-17 02:22:27+00:00,usd_mxn,17.63,17.64,0.057
2024-07-17 02:22:28+00:00,usd_mxn,17.63,17.64,0.057
2024-07-17 02:22:29+00:00,usd_mxn,17.63,17.64,0.057
2024-07-17 02:22:30+00:00,usd_mxn,17.63,17.64,0.057
2024-07-17 02:22:31+00:00,usd_mxn,17.63,17.64,0.057
2024-07-17 02:22:32+00:00,usd_mxn,17.63,17.64,0.057
2024-07-17 02:22:33+00:00,usd_mxn,17.63,17.64,0.057
2024-07-17 02:22:34+00:00,usd_mxn,17.63,17.64,0.057
2024-07-17 02:22:35+00:00,usd_mxn,17.63,17.64,0.057
2024-07-17 02:22:36+00:00,usd_mxn,17.63,17.64,0.057
2024-07-17 02:22:37+00:00,usd_mxn,17.63,17.64,0.057
2024-07-17 02:22:38+00:00,usd_mxn,17.63,17.64,0.057
2024-07-17 02:22:39+00:00,usd_mxn,17.63,17.64,0.057
2024-07-17 02:22:40+00:00,usd_mxn,17.63,17.65,0.113
2024-07-17 02:22:41+00:00,usd_mxn,17.63,17.65,0.113
2024-07-17 02:22:42+00:00,usd_mxn,17.63,17.65,0.113
2024-07-17 02:22:43+00:00,usd_mxn,17.63,17.65,0.113
2024-07-17 02:22:44+00:00,usd_mxn,17.63,17.65,0.113
2024-07-17 02:22:45+00:00,usd_mxn,17.63,17.65,0.113
2024-07-17 02:22:46+00:00,usd_mxn,17.63,17.65,0.113
2024-07-17 02:22:47+00:00,usd_mxn,17.63,17.65,0.113
2024-07-17 02:22:48+00:00,usd_mxn,17.63,17.65,0.113
2024-07-17 02:22:49+00:00,usd_mxn,17.63,17.65,0.113
2024-07-17 02:22:50+00:00,usd_mxn,17.63,17.65,0.113
2024-07-17 02:22:51+00:00,usd_mxn,17.63,17.65,0.113
2024-07-17 02:22:52+00:00,usd_mxn,17.63,17.65,0.113
2024-07-17 02:22:53+00:00,usd_mxn,17.63,17.65,0.113
2024-07-17 02:22:54+00:00,usd_mxn,17.63,17.65,0.113
2024-07-17 02:22:55+00:00,usd_mxn,17.63,17.65,0.113
2024-07-17 02:22:56+00:00,usd_mxn,17.63,17.65,0.113
2024-07-17 02:22:57+00:00,usd_mxn,17.63,17.65,0.113
2024-07-17 02:22:58+00:00,usd_mxn,17.63,17.65,0.113
2024-07-17 02:22:59+00:00,usd_mxn,17.63,17.65,0.113
2024-07-17 02:23:00+00:00,usd_mxn,17.63,17.65,0.113
2024-07-17 02:23:01+00:00,usd_mxn,17.63,17.65,0.113
2024-07-17 02:23:02+00:00,usd_mxn,17.63,17.65,0.113
2024-07-17 02:23:03+00:00,usd_mxn,17.63,17.65,0.113
2024-07-17 02:23:04+00:00,usd_mxn,17.63,17.65,0.113
2024-07-17 02:23:05+00:00,usd_mxn,17.63,17.65,0.113
2024-07-17 02:23:06+00:00,usd_mxn,17.63,17.65,0.113
2024-07-17 02:23:07+00:00,usd_mxn,17.63,17.65,0.113
2024-07-17 02:23:08+00:00,usd_mxn,17.63,17.65,0.113
2024-07-17 02:23:09+00:00,usd_mxn,17.63,17.65,0.113
2024-07-17 02:23:10+00:00,usd_mxn,17.63,17.65,0.113
2024-07-17 02:23:11+00:00,usd_mxn,17.63,17.65,0.113
2024-07-17 02:23:12+00:00,usd_mxn,17.63,17.65,0.113
2024-07-17 02:23:13+00:00,usd_mxn,17.63,17.65,0.113
2024-07-17 02:23:14+00:00,usd_mxn,17.63,17.65,0.113
2024-07-17 02:23:15+00:00,usd_mxn,17.63,17.65,0.113
2024-07-17 02:23:16+00:00,usd_mxn,17.63,17.65,0.113
2024-07-17 02:23:17+00:00,usd_mxn,17.63,17.65,0.113
2024-07-17 02:23:19+00:00,usd_mxn,17.63,17.65,0.113
2024-07-17 02:23:19+00:00,usd_mxn,17.63,17.65,0.113
2024-07-17 02:23:21+00:00,usd_mxn,17.63,17.65,0.113
2024-07-17 02:23:22+00:00,usd_mxn,17.63,17.65,0.113
2024-07-17 02:23:23+00:00,usd_mxn,17.63,17.65,0.113
2024-07-17 02:23:24+00:00,usd_mxn,17.63,17.65,0.113
2024-07-17 02:23:25+00:00,usd_mxn,17.63,17.65,0.113
2024-07-17 02:23:26+00:00,usd_mxn,17.63,17.65,0.113
2024-07-17 02:23:27+00:00,usd_mxn,17.63,17.65,0.113
2024-07-17 02:23:28+00:00,usd_mxn,17.63,17.65,0.113
2024-07-17 02:23:29+00:00,usd_mxn,17.63,17.65,0.113
2024-07-17 02:23:30+00:00,usd_mxn,17.63,17.65,0.113
2024-07-17 02:23:31+00:00,usd_mxn,17.63,17.65,0.113
2024-07-17 02:23:32+00:00,usd_mxn,17.63,17.65,0.113
2024-07-17 02:23:33+00:00,usd_mxn,17.63,17.65,0.113
2024-07-17 02:23:34+00:00,usd_mxn,17.63,17.65,0.113
2024-07-17 02:23:35+00:00,usd_mxn,17.63,17.65,0.113
2024-07-17 02:23:36+00:00,usd_mxn,17.63,17.65,0.113
2024-07-17 02:23:37+00:00,usd_mxn,17.63,17.65,0.113
2024-07-17 02:23:38+00:00,usd_mxn,17.63,17.65,0.113
2024-07-17 02:23:39+00:00,usd_mxn,17.63,17.65,0.113
2024-07-17 02:23:40+00:00,usd_mxn,17.63,17.65,0.113
2024-07-17 02:23:41+00:00,usd_mxn,17.63,17.65,0.113
2024-07-17 02:23:42+00:00,usd_mxn,17.63,17.65,0.113
2024-07-17 02:23:43+00:00,usd_mxn,17.63,17.65,0.113
2024-07-17 02:23:44+00:00,usd_mxn,17.63,17.65,0.113
2024-07-17 02:23:45+00:00,usd_mxn,17.63,17.65,0.113
2024-07-17 02:23:46+00:00,usd_mxn,17.63,17.65,0.113
2024-07-17 02:23:47+00:00,usd_mxn,17.63,17.65,0.113
2024-07-17 02:23:48+00:00,usd_mxn,17.63,17.65,0.113
2024-07-17 02:23:49+00:00,usd_mxn,17.63,17.65,0.113
2024-07-17 02:23:50+00:00,usd_mxn,17.63,17.65,0.113
2024-07-17 02:23:51+00:00,usd_mxn,17.63,17.65,0.113
2024-07-17 02:23:52+00:00,usd_mxn,17.63,17.65,0.113
2024-07-17 02:23:53+00:00,usd_mxn,17.63,17.65,0.113
2024-07-17 02:23:54+00:00,usd_mxn,17.63,17.65,0.113
2024-07-17 02:23:55+00:00,usd_mxn,17.63,17.65,0.113
2024-07-17 02:23:56+00:00,usd_mxn,17.63,17.65,0.113
2024-07-17 02:23:57+00:00,usd_mxn,17.63,17.65,0.113
2024-07-17 02:23:58+00:00,usd_mxn,17.63,17.65,0.113
2024-07-17 02:23:59+00:00,usd_mxn,17.63,17.65,0.113
2024-07-17 02:24:00+00:00,usd_mxn,17.63,17.65,0.113
2024-07-17 02:24:01+00:00,usd_mxn,17.63,17.65,0.113
2024-07-17 02:24:02+00:00,usd_mxn,17.63,17.65,0.113
2024-07-17 02:24:03+00:00,usd_mxn,17.63,17.65,0.113
2024-07-17 02:24:04+00:00,usd_mxn,17.63,17.65,0.113
2024-07-17 02:24:05+00:00,usd_mxn,17.63,17.65,0.113
2024-07-17 02:24:06+00:00,usd_mxn,17.63,17.65,0.113
2024-07-17 02:24:07+00:00,usd_mxn,17.63,17.65,0.113
2024-07-17 02:24:08+00:00,usd_mxn,17.63,17.65,0.113
2024-07-17 02:24:09+00:00,usd_mxn,17.63,17.65,0.113
2024-07-17 02:24:10+00:00,usd_mxn,17.63,17.65,0.113
2024-07-17 02:24:11+00:00,usd_mxn,17.63,17.65,0.113
2024-07-17 02:24:12+00:00,usd_mxn,17.63,17.65,0.113
2024-07-17 02:24:13+00:00,usd_mxn,17.63,17.65,0.113
2024-07-17 02:24:14+00:00,usd_mxn,17.63,17.65,0.113
2024-07-17 02:24:15+00:00,usd_mxn,17.63,17.65,0.113
2024-07-17 02:24:16+00:00,usd_mxn,17.63,17.65,0.113
2024-07-17 02:24:17+00:00,usd_mxn,17.63,17.65,0.113
2024-07-17 02:24:18+00:00,usd_mxn,17.63,17.65,0.113
2024-07-17 02:24:19+00:00,usd_mxn,17.63,17.65,0.113
2024-07-17 02:24:20+00:00,usd_mxn,17.63,17.65,0.113
2024-07-17 02:24:21+00:00,usd_mxn,17.63,17.65,0.113
2024-07-17 02:24:22+00:00,usd_mxn,17.63,17.65,0.113
2024-07-17 02:24:23+00:00,usd_mxn,17.63,17.65,0.113
2024-07-17 02:24:24+00:00,usd_mxn,17.63,17.65,0.113
2024-07-17 02:24:25+00:00,usd_mxn,17.63,17.65,0.113
2024-07-17 02:24:26+00:00,usd_mxn,17.63,17.65,0.113
2024-07-17 02:24:27+00:00,usd_mxn,17.63,17.65,0.113
2024-07-17 02:24:28+00:00,usd_mxn,17.63,17.65,0.113
2024-07-17 02:24:29+00:00,usd_mxn,17.63,17.65,0.113
2024-07-17 02:24:31+00:00,usd_mxn,17.63,17.65,0.113
2024-07-17 02:24:32+00:00,usd_mxn,17.63,17.65,0.113
2024-07-17 02:24:33+00:00,usd_mxn,17.63,17.65,0.113
2024-07-17 02:24:34+00:00,usd_mxn,17.63,17.65,0.113
2024-07-17 02:24:35+00:00,usd_mxn,17.63,17.65,0.113
2024-07-17 02:24:36+00:00,usd_mxn,17.63,17.65,0.113
2024-07-17 02:24:37+00:00,usd_mxn,17.63,17.65,0.113
2024-07-17 02:24:38+00:00,usd_mxn,17.63,17.65,0.113
2024-07-17 02:24:39+00:00,usd_mxn,17.63,17.65,0.113
2024-07-17 02:24:40+00:00,usd_mxn,17.63,17.65,0.113
2024-07-17 02:24:41+00:00,usd_mxn,17.63,17.65,0.113
2024-07-17 02:24:42+00:00,usd_mxn,17.63,17.65,0.113
2024-07-17 02:24:43+00:00,usd_mxn,17.63,17.65,0.113
2024-07-17 02:24:44+00:00,usd_mxn,17.63,17.65,0.113
2024-07-17 02:24:45+00:00,usd_mxn,17.63,17.65,0.113
2024-07-17 02:24:46+00:00,usd_mxn,17.63,17.65,0.113
2024-07-17 02:24:47+00:00,usd_mxn,17.63,17.65,0.113
2024-07-17 02:24:48+00:00,usd_mxn,17.63,17.65,0.113
2024-07-17 02:24:49+00:00,usd_mxn,17.63,17.65,0.113
2024-07-17 02:24:50+00:00,usd_mxn,17.63,17.65,0.113
2024-07-17 02:24:51+00:00,usd_mxn,17.63,17.65,0.113
2024-07-17 02:24:52+00:00,usd_mxn,17.63,17.65,0.113
2024-07-17 02:24:53+00:00,usd_mxn,17.63,17.65,0.113
2024-07-17 02:24:54+00:00,usd_mxn,17.63,17.65,0.113
2024-07-17 02:24:55+00:00,usd_mxn,17.63,17.65,0.113
2024-07-17 02:24:56+00:00,usd_mxn,17.63,17.65,0.113
2024-07-17 02:24:57+00:00,usd_mxn,17.63,17.65,0.113
2024-07-17 02:24:58+00:00,usd_mxn,17.63,17.65,0.113
2024-07-17 02:24:59+00:00,usd_mxn,17.63,17.65,0.113
2024-07-17 02:25:00+00:00,usd_mxn,17.63,17.65,0.113
2024-07-17 02:25:01+00:00,usd_mxn,17.63,17.65,0.113
2024-07-17 02:25:02+00:00,usd_mxn,17.63,17.65,0.113
2024-07-17 02:25:03+00:00,usd_mxn,17.63,17.65,0.113
2024-07-17 02:25:04+00:00,usd_mxn,17.63,17.65,0.113
2024-07-17 02:25:05+00:00,usd_mxn,17.63,17.65,0.113
2024-07-17 02:25:06+00:00,usd_mxn,17.63,17.65,0.113
2024-07-17 02:25:07+00:00,usd_mxn,17.63,17.65,0.113
2024-07-17 02:25:08+00:00,usd_mxn,17.63,17.65,0.113
2024-07-17 02:25:09+00:00,usd_mxn,17.63,17.65,0.113
2024-07-17 02:25:10+00:00,usd_mxn,17.63,17.65,0.113
2024-07-17 02:25:11+00:00,usd_mxn,17.63,17.65,0.113
2024-07-17 02:25:12+00:00,usd_mxn,17.63,17.65,0.113
2024-07-17 02:25:13+00:00,usd_mxn,17.63,17.65,0.113
2024-07-17 02:25:14+00:00,usd_mxn,17.63,17.65,0.113
2024-07-17 02:25:15+00:00,usd_mxn,17.63,17.65,0.113
2024-07-17 02:25:16+00:00,usd_mxn,17.63,17.65,0.113
2024-07-17 02:25:17+00:00,usd_mxn,17.63,17.65,0.113
2024-07-17 02:25:18+00:00,usd_mxn,17.63,17.65,0.113
2024-07-17 02:25:19+00:00,usd_mxn,17.63,17.65,0.113
2024-07-17 02:25:20+00:00,usd_mxn,17.63,17.65,0.113
2024-07-17 02:25:21+00:00,usd_mxn,17.63,17.65,0.113
2024-07-17 02:25:22+00:00,usd_mxn,17.63,17.65,0.113
2024-07-17 02:25:23+00:00,usd_mxn,17.63,17.65,0.113
2024-07-17 02:25:24+00:00,usd_mxn,17.63,17.65,0.113
2024-07-17 02:25:25+00:00,usd_mxn,17.63,17.65,0.113
2024-07-17 02:25:26+00:00,usd_mxn,17.63,17.65,0.113
2024-07-17 02:25:27+00:00,usd_mxn,17.63,17.65,0.113
2024-07-17 02:25:28+00:00,usd_mxn,17.63,17.65,0.113
2024-07-17 02:25:29+00:00,usd_mxn,17.63,17.65,0.113
2024-07-17 02:25:30+00:00,usd_mxn,17.63,17.65,0.113
2024-07-17 02:25:31+00:00,usd_mxn,17.63,17.65,0.113
2024-07-17 02:25:32+00:00,usd_mxn,17.63,17.65,0.113
2024-07-17 02:25:33+00:00,usd_mxn,17.63,17.65,0.113
2024-07-17 02:25:34+00:00,usd_mxn,17.63,17.65,0.113
2024-07-17 02:25:35+00:00,usd_mxn,17.63,17.65,0.113
2024-07-17 02:25:36+00:00,usd_mxn,17.63,17.65,0.113
2024-07-17 02:25:37+00:00,usd_mxn,17.63,17.65,0.113
2024-07-17 02:25:38+00:00,usd_mxn,17.63,17.65,0.113
2024-07-17 02:25:39+00:00,usd_mxn,17.63,17.65,0.113
2024-07-17 02:25:41+00:00,usd_mxn,17.63,17.65,0.113
2024-07-17 02:25:41+00:00,usd_mxn,17.63,17.65,0.113
2024-07-17 02:25:42+00:00,usd_mxn,17.63,17.65,0.113
2024-07-17 02:25:43+00:00,usd_mxn,17.63,17.65,0.113
2024-07-17 02:25:44+00:00,usd_mxn,17.63,17.65,0.113
2024-07-17 02:25:46+00:00,usd_mxn,17.63,17.65,0.113
2024-07-17 02:25:47+00:00,usd_mxn,17.63,17.65,0.113
2024-07-17 02:25:48+00:00,usd_mxn,17.63,17.65,0.113
2024-07-17 02:25:48+00:00,usd_mxn,17.63,17.65,0.113
2024-07-17 02:25:49+00:00,usd_mxn,17.63,17.65,0.113
2024-07-17 02:25:51+00:00,usd_mxn,17.63,17.65,0.113
2024-07-17 02:25:52+00:00,usd_mxn,17.63,17.65,0.113
2024-07-17 02:25:53+00:00,usd_mxn,17.63,17.65,0.113
2024-07-17 02:25:54+00:00,usd_mxn,17.63,17.65,0.113
2024-07-17 02:25:55+00:00,usd_mxn,17.63,17.65,0.113
2024-07-17 02:25:56+00:00,usd_mxn,17.63,17.65,0.113
2024-07-17 02:25:57+00:00,usd_mxn,17.63,17.65,0.113
2024-07-17 02:25:58+00:00,usd_mxn,17.63,17.65,0.113
2024-07-17 02:25:59+00:00,usd_mxn,17.63,17.65,0.113
2024-07-17 02:26:00+00:00,usd_mxn,17.63,17.65,0.113
2024-07-17 02:26:01+00:00,usd_mxn,17.63,17.65,0.113
2024-07-17 02:26:02+00:00,usd_mxn,17.63,17.65,0.113
2024-07-17 02:26:03+00:00,usd_mxn,17.63,17.65,0.113
2024-07-17 02:26:04+00:00,usd_mxn,17.63,17.65,0.113
2024-07-17 02:26:05+00:00,usd_mxn,17.63,17.65,0.113
2024-07-17 02:26:06+00:00,usd_mxn,17.63,17.65,0.113
2024-07-17 02:26:07+00:00,usd_mxn,17.63,17.65,0.113
2024-07-17 02:26:08+00:00,usd_mxn,17.63,17.65,0.113
2024-07-17 02:26:09+00:00,usd_mxn,17.63,17.65,0.113
2024-07-17 02:26:10+00:00,usd_mxn,17.63,17.65,0.113
2024-07-17 02:26:11+00:00,usd_mxn,17.63,17.65,0.113
2024-07-17 02:26:12+00:00,usd_mxn,17.63,17.65,0.113
2024-07-17 02:26:13+00:00,usd_mxn,17.63,17.65,0.113
2024-07-17 02:26:14+00:00,usd_mxn,17.63,17.65,0.113
2024-07-17 02:26:15+00:00,usd_mxn,17.63,17.65,0.113
2024-07-17 02:26:16+00:00,usd_mxn,17.63,17.65,0.113
2024-07-17 02:26:17+00:00,usd_mxn,17.63,17.65,0.113
2024-07-17 02:26:18+00:00,usd_mxn,17.63,17.65,0.113
2024-07-17 02:26:19+00:00,usd_mxn,17.63,17.65,0.113
2024-07-17 02:26:20+00:00,usd_mxn,17.63,17.65,0.113
2024-07-17 02:26:21+00:00,usd_mxn,17.63,17.65,0.113
2024-07-17 02:26:22+00:00,usd_mxn,17.63,17.65,0.113
2024-07-17 02:26:23+00:00,usd_mxn,17.63,17.65,0.113
2024-07-17 02:26:24+00:00,usd_mxn,17.63,17.65,0.113
2024-07-17 02:26:25+00:00,usd_mxn,17.63,17.65,0.113
2024-07-17 02:26:26+00:00,usd_mxn,17.63,17.65,0.113
2024-07-17 02:26:27+00:00,usd_mxn,17.63,17.65,0.113
2024-07-17 02:26:28+00:00,usd_mxn,17.63,17.65,0.113
2024-07-17 02:26:29+00:00,usd_mxn,17.63,17.65,0.113
2024-07-17 02:26:30+00:00,usd_mxn,17.63,17.65,0.113
2024-07-17 02:26:31+00:00,usd_mxn,17.63,17.65,0.113
2024-07-17 02:26:32+00:00,usd_mxn,17.63,17.65,0.113
2024-07-17 02:26:33+00:00,usd_mxn,17.63,17.65,0.113
2024-07-17 02:26:34+00:00,usd_mxn,17.63,17.65,0.113
2024-07-17 02:26:35+00:00,usd_mxn,17.63,17.65,0.113
2024-07-17 02:26:37+00:00,usd_mxn,17.63,17.65,0.113
2024-07-17 02:26:37+00:00,usd_mxn,17.63,17.65,0.113
2024-07-17 02:26:38+00:00,usd_mxn,17.63,17.65,0.113
2024-07-17 02:26:39+00:00,usd_mxn,17.63,17.65,0.113
2024-07-17 02:26:40+00:00,usd_mxn,17.63,17.65,0.113
2024-07-17 02:26:41+00:00,usd_mxn,17.63,17.65,0.113
2024-07-17 02:26:42+00:00,usd_mxn,17.63,17.65,0.113
2024-07-17 02:26:43+00:00,usd_mxn,17.63,17.65,0.113
2024-07-17 02:26:44+00:00,usd_mxn,17.63,17.65,0.113
2024-07-17 02:26:45+00:00,usd_mxn,17.63,17.65,0.113
2024-07-17 02:26:46+00:00,usd_mxn,17.63,17.65,0.113
2024-07-17 02:26:47+00:00,usd_mxn,17.63,17.65,0.113
2024-07-17 02:26:48+00:00,usd_mxn,17.63,17.65,0.113
2024-07-17 02:26:49+00:00,usd_mxn,17.63,17.65,0.113
2024-07-17 02:26:50+00:00,usd_mxn,17.63,17.65,0.113
2024-07-17 02:26:51+00:00,usd_mxn,17.63,17.65,0.113
2024-07-17 02:26:52+00:00,usd_mxn,17.63,17.65,0.113
2024-07-17 02:26:53+00:00,usd_mxn,17.63,17.65,0.113
2024-07-17 02:26:54+00:00,usd_mxn,17.63,17.65,0.113
2024-07-17 02:26:55+00:00,usd_mxn,17.63,17.65,0.113
2024-07-17 02:26:56+00:00,usd_mxn,17.63,17.65,0.113
2024-07-17 02:26:57+00:00,usd_mxn,17.63,17.65,0.113
2024-07-17 02:26:58+00:00,usd_mxn,17.63,17.65,0.113
2024-07-17 02:26:59+00:00,usd_mxn,17.63,17.65,0.113
2024-07-17 02:27:00+00:00,usd_mxn,17.63,17.65,0.113
2024-07-17 02:27:01+00:00,usd_mxn,17.63,17.65,0.113
2024-07-17 02:27:02+00:00,usd_mxn,17.63,17.65,0.113
2024-07-17 02:27:03+00:00,usd_mxn,17.63,17.65,0.113
2024-07-17 02:27:04+00:00,usd_mxn,17.63,17.65,0.113
2024-07-17 02:27:05+00:00,usd_mxn,17.63,17.65,0.113
2024-07-17 02:27:07+00:00,usd_mxn,17.63,17.65,0.113
2024-07-17 02:27:07+00:00,usd_mxn,17.63,17.65,0.113
2024-07-17 02:27:08+00:00,usd_mxn,17.63,17.65,0.113
2024-07-17 02:27:09+00:00,usd_mxn,17.63,17.65,0.113
2024-07-17 02:27:11+00:00,usd_mxn,17.63,17.65,0.113
2024-07-17 02:27:12+00:00,usd_mxn,17.63,17.65,0.113
2024-07-17 02:27:13+00:00,usd_mxn,17.63,17.65,0.113
2024-07-17 02:27:14+00:00,usd_mxn,17.63,17.65,0.113
2024-07-17 02:27:15+00:00,usd_mxn,17.63,17.65,0.113
2024-07-17 02:27:16+00:00,usd_mxn,17.63,17.65,0.113
2024-07-17 02:27:17+00:00,usd_mxn,17.63,17.65,0.113
2024-07-17 02:27:18+00:00,usd_mxn,17.63,17.65,0.113
2024-07-17 02:27:19+00:00,usd_mxn,17.63,17.65,0.113
2024-07-17 02:27:20+00:00,usd_mxn,17.63,17.65,0.113
2024-07-17 02:27:21+00:00,usd_mxn,17.63,17.65,0.113
2024-07-17 02:27:22+00:00,usd_mxn,17.63,17.65,0.113
2024-07-17 02:27:23+00:00,usd_mxn,17.63,17.65,0.113
2024-07-17 02:27:24+00:00,usd_mxn,17.63,17.65,0.113
2024-07-17 02:27:25+00:00,usd_mxn,17.63,17.65,0.113
2024-07-17 02:27:26+00:00,usd_mxn,17.63,17.65,0.113
2024-07-17 02:27:27+00:00,usd_mxn,17.63,17.65,0.113
2024-07-17 02:27:28+00:00,usd_mxn,17.63,17.65,0.113
2024-07-17 02:27:29+00:00,usd_mxn,17.63,17.65,0.113
2024-07-17 02:27:30+00:00,usd_mxn,17.63,17.65,0.113
2024-07-17 02:27:31+00:00,usd_mxn,17.63,17.65,0.113
2024-07-17 02:27:32+00:00,usd_mxn,17.63,17.65,0.113
2024-07-17 02:27:33+00:00,usd_mxn,17.63,17.65,0.113
2024-07-17 02:27:34+00:00,usd_mxn,17.63,17.65,0.113
2024-07-17 02:27:35+00:00,usd_mxn,17.63,17.65,0.113
2024-07-17 02:27:36+00:00,usd_mxn,17.63,17.65,0.113
2024-07-17 02:27:37+00:00,usd_mxn,17.63,17.65,0.113
2024-07-17 02:27:38+00:00,usd_mxn,17.63,17.65,0.113
2024-07-17 02:27:39+00:00,usd_mxn,17.63,17.65,0.113
2024-07-17 02:27:40+00:00,usd_mxn,17.63,17.65,0.113
2024-07-17 02:27:41+00:00,usd_mxn,17.63,17.65,0.113
2024-07-17 02:27:42+00:00,usd_mxn,17.63,17.65,0.113
2024-07-17 02:27:43+00:00,usd_mxn,17.63,17.65,0.113
2024-07-17 02:27:44+00:00,usd_mxn,17.63,17.65,0.113
2024-07-17 02:27:45+00:00,usd_mxn,17.63,17.65,0.113
2024-07-17 02:27:46+00:00,usd_mxn,17.63,17.65,0.113
2024-07-17 02:27:47+00:00,usd_mxn,17.63,17.65,0.113
2024-07-17 02:27:48+00:00,usd_mxn,17.63,17.65,0.113
2024-07-17 02:27:50+00:00,usd_mxn,17.63,17.65,0.113
2024-07-17 02:27:50+00:00,usd_mxn,17.63,17.65,0.113
2024-07-17 02:27:51+00:00,usd_mxn,17.63,17.65,0.113
2024-07-17 02:27:52+00:00,usd_mxn,17.63,17.65,0.113
2024-07-17 02:27:53+00:00,usd_mxn,17.63,17.65,0.113
2024-07-17 02:27:54+00:00,usd_mxn,17.63,17.65,0.113
2024-07-17 02:27:55+00:00,usd_mxn,17.63,17.65,0.113
2024-07-17 02:27:56+00:00,usd_mxn,17.63,17.65,0.113
2024-07-17 02:27:57+00:00,usd_mxn,17.63,17.65,0.113
2024-07-17 02:27:58+00:00,usd_mxn,17.63,17.65,0.113
2024-07-17 02:27:59+00:00,usd_mxn,17.63,17.65,0.113
2024-07-17 02:28:00+00:00,usd_mxn,17.63,17.65,0.113
2024-07-17 02:28:01+00:00,usd_mxn,17.63,17.65,0.113
2024-07-17 02:28:02+00:00,usd_mxn,17.63,17.65,0.113
2024-07-17 02:28:03+00:00,usd_mxn,17.63,17.65,0.113
2024-07-17 02:28:05+00:00,usd_mxn,17.63,17.65,0.113
2024-07-17 02:28:05+00:00,usd_mxn,17.63,17.65,0.113
2024-07-17 02:28:07+00:00,usd_mxn,17.63,17.65,0.113
2024-07-17 02:28:08+00:00,usd_mxn,17.63,17.65,0.113
2024-07-17 02:28:09+00:00,usd_mxn,17.63,17.65,0.113
2024-07-17 02:28:10+00:00,usd_mxn,17.63,17.65,0.113
2024-07-17 02:28:11+00:00,usd_mxn,17.63,17.65,0.113
2024-07-17 02:28:12+00:00,usd_mxn,17.63,17.65,0.113
2024-07-17 02:28:13+00:00,usd_mxn,17.63,17.65,0.113
2024-07-17 02:28:14+00:00,usd_mxn,17.63,17.65,0.113
2024-07-17 02:28:15+00:00,usd_mxn,17.63,17.65,0.113
2024-07-17 02:28:16+00:00,usd_mxn,17.63,17.65,0.113
2024-07-17 02:28:17+00:00,usd_mxn,17.63,17.65,0.113
2024-07-17 02:28:18+00:00,usd_mxn,17.63,17.65,0.113
2024-07-17 02:28:19+00:00,usd_mxn,17.63,17.65,0.113
2024-07-17 02:28:20+00:00,usd_mxn,17.63,17.65,0.113
2024-07-17 02:28:21+00:00,usd_mxn,17.63,17.65,0.113
2024-07-17 02:28:22+00:00,usd_mxn,17.63,17.65,0.113
2024-07-17 02:28:23+00:00,usd_mxn,17.63,17.65,0.113
2024-07-17 02:28:24+00:00,usd_mxn,17.63,17.65,0.113
2024-07-17 02:28:25+00:00,usd_mxn,17.63,17.65,0.113
2024-07-17 02:28:26+00:00,usd_mxn,17.63,17.65,0.113
2024-07-17 02:28:27+00:00,usd_mxn,17.63,17.65,0.113
2024-07-17 02:28:28+00:00,usd_mxn,17.63,17.65,0.113
2024-07-17 02:28:29+00:00,usd_mxn,17.63,17.65,0.113
2024-07-17 02:28:30+00:00,usd_mxn,17.63,17.65,0.113
2024-07-17 02:28:31+00:00,usd_mxn,17.63,17.65,0.113
2024-07-17 02:28:32+00:00,usd_mxn,17.63,17.65,0.113
2024-07-17 02:28:33+00:00,usd_mxn,17.63,17.65,0.113
2024-07-17 02:28:34+00:00,usd_mxn,17.63,17.65,0.113
2024-07-17 02:28:35+00:00,usd_mxn,17.63,17.65,0.113
2024-07-17 02:28:36+00:00,usd_mxn,17.63,17.65,0.113
2024-07-17 02:28:37+00:00,usd_mxn,17.63,17.65,0.113
2024-07-17 02:28:38+00:00,usd_mxn,17.63,17.65,0.113
2024-07-17 02:28:39+00:00,usd_mxn,17.63,17.65,0.113
2024-07-17 02:28:40+00:00,usd_mxn,17.63,17.65,0.113
2024-07-17 02:28:41+00:00,usd_mxn,17.63,17.65,0.113
2024-07-17 02:28:42+00:00,usd_mxn,17.63,17.65,0.113
2024-07-17 02:28:43+00:00,usd_mxn,17.63,17.65,0.113
2024-07-17 02:28:44+00:00,usd_mxn,17.63,17.65,0.113
2024-07-17 02:28:45+00:00,usd_mxn,17.63,17.65,0.113
2024-07-17 02:28:46+00:00,usd_mxn,17.63,17.65,0.113
2024-07-17 02:28:47+00:00,usd_mxn,17.63,17.65,0.113
2024-07-17 02:28:48+00:00,usd_mxn,17.63,17.65,0.113
2024-07-17 02:28:49+00:00,usd_mxn,17.63,17.65,0.113
2024-07-17 02:28:50+00:00,usd_mxn,17.63,17.65,0.113
2024-07-17 02:28:51+00:00,usd_mxn,17.63,17.65,0.113
2024-07-17 02:28:52+00:00,usd_mxn,17.63,17.65,0.113
2024-07-17 02:28:53+00:00,usd_mxn,17.63,17.65,0.113
2024-07-17 02:28:54+00:00,usd_mxn,17.63,17.65,0.113
2024-07-17 02:28:55+00:00,usd_mxn,17.63,17.65,0.113
2024-07-17 02:28:56+00:00,usd_mxn,17.63,17.65,0.113
2024-07-17 02:28:57+00:00,usd_mxn,17.63,17.65,0.113
2024-07-17 02:28:58+00:00,usd_mxn,17.63,17.65,0.113
2024-07-17 02:28:59+00:00,usd_mxn,17.63,17.65,0.113
2024-07-17 02:29:00+00:00,usd_mxn,17.63,17.65,0.113
2024-07-17 02:29:01+00:00,usd_mxn,17.63,17.65,0.113
2024-07-17 02:29:02+00:00,usd_mxn,17.63,17.65,0.113
2024-07-17 02:29:03+00:00,usd_mxn,17.63,17.65,0.113
2024-07-17 02:29:04+00:00,usd_mxn,17.63,17.65,0.113
2024-07-17 02:29:05+00:00,usd_mxn,17.63,17.65,0.113
2024-07-17 02:29:06+00:00,usd_mxn,17.63,17.65,0.113
2024-07-17 02:29:07+00:00,usd_mxn,17.63,17.65,0.113
2024-07-17 02:29:08+00:00,usd_mxn,17.63,17.65,0.113
2024-07-17 02:29:09+00:00,usd_mxn,17.63,17.65,0.113
2024-07-17 02:29:10+00:00,usd_mxn,17.63,17.65,0.113
2024-07-17 02:29:11+00:00,usd_mxn,17.63,17.65,0.113
2024-07-17 02:29:12+00:00,usd_mxn,17.63,17.65,0.113
2024-07-17 02:29:14+00:00,usd_mxn,17.63,17.65,0.113
2024-07-17 02:29:14+00:00,usd_mxn,17.63,17.65,0.113
2024-07-17 02:29:16+00:00,usd_mxn,17.63,17.65,0.113
2024-07-17 02:29:17+00:00,usd_mxn,17.63,17.65,0.113
2024-07-17 02:29:18+00:00,usd_mxn,17.63,17.65,0.113
2024-07-17 02:29:19+00:00,usd_mxn,17.62,17.65,0.17
2024-07-17 02:29:20+00:00,usd_mxn,17.62,17.65,0.17
2024-07-17 02:29:21+00:00,usd_mxn,17.62,17.65,0.17
2024-07-17 02:29:22+00:00,usd_mxn,17.62,17.65,0.17
2024-07-17 02:29:23+00:00,usd_mxn,17.62,17.65,0.17
2024-07-17 02:29:24+00:00,usd_mxn,17.62,17.65,0.17
2024-07-17 02:29:25+00:00,usd_mxn,17.62,17.65,0.17
2024-07-17 02:29:26+00:00,usd_mxn,17.62,17.65,0.17
2024-07-17 02:29:27+00:00,usd_mxn,17.62,17.65,0.17
2024-07-17 02:29:28+00:00,usd_mxn,17.62,17.65,0.17
2024-07-17 02:29:29+00:00,usd_mxn,17.62,17.65,0.17
2024-07-17 02:29:30+00:00,usd_mxn,17.62,17.65,0.17
2024-07-17 02:29:31+00:00,usd_mxn,17.62,17.65,0.17
2024-07-17 02:29:32+00:00,usd_mxn,17.62,17.65,0.17
2024-07-17 02:29:33+00:00,usd_mxn,17.62,17.65,0.17
2024-07-17 02:29:34+00:00,usd_mxn,17.62,17.65,0.17
2024-07-17 02:29:35+00:00,usd_mxn,17.62,17.65,0.17
2024-07-17 02:29:36+00:00,usd_mxn,17.62,17.65,0.17
2024-07-17 02:29:37+00:00,usd_mxn,17.62,17.65,0.17
2024-07-17 02:29:38+00:00,usd_mxn,17.62,17.65,0.17
2024-07-17 02:29:39+00:00,usd_mxn,17.62,17.65,0.17
2024-07-17 02:29:40+00:00,usd_mxn,17.62,17.65,0.17
2024-07-17 02:29:41+00:00,usd_mxn,17.62,17.65,0.17
2024-07-17 02:29:42+00:00,usd_mxn,17.62,17.65,0.17
2024-07-17 02:29:43+00:00,usd_mxn,17.62,17.65,0.17
2024-07-17 02:29:44+00:00,usd_mxn,17.62,17.65,0.17
2024-07-17 02:29:45+00:00,usd_mxn,17.62,17.65,0.17
2024-07-17 02:29:46+00:00,usd_mxn,17.62,17.65,0.17
2024-07-17 02:29:47+00:00,usd_mxn,17.62,17.65,0.17
2024-07-17 02:29:48+00:00,usd_mxn,17.62,17.65,0.17
2024-07-17 02:29:49+00:00,usd_mxn,17.62,17.65,0.17
2024-07-17 02:29:51+00:00,usd_mxn,17.62,17.65,0.17
2024-07-17 02:29:51+00:00,usd_mxn,17.62,17.65,0.17
2024-07-17 02:29:52+00:00,usd_mxn,17.62,17.65,0.17
2024-07-17 02:29:53+00:00,usd_mxn,17.62,17.65,0.17
2024-07-17 02:29:54+00:00,usd_mxn,17.62,17.65,0.17
2024-07-17 02:29:55+00:00,usd_mxn,17.62,17.65,0.17
2024-07-17 02:29:56+00:00,usd_mxn,17.62,17.65,0.17
2024-07-17 02:29:57+00:00,usd_mxn,17.62,17.65,0.17
2024-07-17 02:29:58+00:00,usd_mxn,17.62,17.65,0.17
2024-07-17 02:29:59+00:00,usd_mxn,17.62,17.65,0.17
2024-07-17 02:30:00+00:00,usd_mxn,17.62,17.65,0.17
2024-07-17 02:30:01+00:00,usd_mxn,17.62,17.65,0.17
2024-07-17 02:30:02+00:00,usd_mxn,17.62,17.65,0.17
2024-07-17 02:30:03+00:00,usd_mxn,17.62,17.65,0.17
2024-07-17 02:30:04+00:00,usd_mxn,17.62,17.65,0.17
2024-07-17 02:30:05+00:00,usd_mxn,17.62,17.65,0.17
2024-07-17 02:30:06+00:00,usd_mxn,17.62,17.65,0.17
2024-07-17 02:30:07+00:00,usd_mxn,17.62,17.65,0.17
2024-07-17 02:30:08+00:00,usd_mxn,17.62,17.65,0.17
2024-07-17 02:30:09+00:00,usd_mxn,17.62,17.65,0.17
2024-07-17 02:30:10+00:00,usd_mxn,17.62,17.65,0.17
2024-07-17 02:30:11+00:00,usd_mxn,17.62,17.65,0.17
2024-07-17 02:30:12+00:00,usd_mxn,17.62,17.65,0.17
2024-07-17 02:30:13+00:00,usd_mxn,17.62,17.65,0.17
2024-07-17 02:30:15+00:00,usd_mxn,17.62,17.65,0.17
2024-07-17 02:30:15+00:00,usd_mxn,17.62,17.65,0.17
2024-07-17 02:30:17+00:00,usd_mxn,17.62,17.65,0.17
2024-07-17 02:30:18+00:00,usd_mxn,17.62,17.65,0.17
2024-07-17 02:30:19+00:00,usd_mxn,17.62,17.65,0.17
2024-07-17 02:30:20+00:00,usd_mxn,17.62,17.65,0.17
2024-07-17 02:30:21+00:00,usd_mxn,17.62,17.65,0.17
2024-07-17 02:30:22+00:00,usd_mxn,17.62,17.65,0.17
2024-07-17 02:30:23+00:00,usd_mxn,17.62,17.65,0.17
2024-07-17 02:30:24+00:00,usd_mxn,17.62,17.65,0.17
2024-07-17 02:30:25+00:00,usd_mxn,17.62,17.65,0.17
2024-07-17 02:30:26+00:00,usd_mxn,17.62,17.65,0.17
2024-07-17 02:30:27+00:00,usd_mxn,17.62,17.65,0.17
2024-07-17 02:30:28+00:00,usd_mxn,17.62,17.65,0.17
2024-07-17 02:30:29+00:00,usd_mxn,17.62,17.65,0.17
2024-07-17 02:30:30+00:00,usd_mxn,17.62,17.65,0.17
2024-07-17 02:30:31+00:00,usd_mxn,17.62,17.65,0.17
2024-07-17 02:30:32+00:00,usd_mxn,17.62,17.65,0.17
