orderbook_timestamp,book,bid,ask,spread
2024-07-18 16:35:12+00:00,btc_mxn,1133620.0,1134870.02,0.11
2024-07-18 16:35:13+00:00,btc_mxn,1133620.0,1134870.02,0.11
2024-07-18 16:35:14+00:00,btc_mxn,1133620.0,1134870.02,0.11
2024-07-18 16:35:15+00:00,btc_mxn,1133620.0,1134870.02,0.11
2024-07-18 16:35:16+00:00,btc_mxn,1133620.0,1134870.02,0.11
2024-07-18 16:35:17+00:00,btc_mxn,1133620.0,1134870.02,0.11
2024-07-18 16:35:18+00:00,btc_mxn,1133620.0,1134870.02,0.11
2024-07-18 16:35:19+00:00,btc_mxn,1133620.0,1134870.02,0.11
2024-07-18 16:35:20+00:00,btc_mxn,1133590.0,1134870.02,0.113
2024-07-18 16:35:21+00:00,btc_mxn,1133590.0,1134870.02,0.113
2024-07-18 16:35:22+00:00,btc_mxn,1133590.0,1134870.02,0.113
2024-07-18 16:35:23+00:00,btc_mxn,1133590.0,1134870.02,0.113
2024-07-18 16:35:24+00:00,btc_mxn,1133590.0,1134870.02,0.113
2024-07-18 16:35:25+00:00,btc_mxn,1133590.0,1134870.02,0.113
2024-07-18 16:35:26+00:00,btc_mxn,1133590.0,1134870.02,0.113
2024-07-18 16:35:27+00:00,btc_mxn,1133590.0,1134870.02,0.113
2024-07-18 16:35:28+00:00,btc_mxn,1133590.0,1134870.02,0.113
2024-07-18 16:35:29+00:00,btc_mxn,1133590.0,1134870.02,0.113
2024-07-18 16:35:30+00:00,btc_mxn,1133590.0,1134870.02,0.113
2024-07-18 16:35:31+00:00,btc_mxn,1133590.0,1134870.02,0.113
2024-07-18 16:35:32+00:00,btc_mxn,1133590.0,1134870.02,0.113
2024-07-18 16:35:33+00:00,btc_mxn,1133590.0,1134870.02,0.113
2024-07-18 16:35:34+00:00,btc_mxn,1133590.0,1134870.02,0.113
2024-07-18 16:35:35+00:00,btc_mxn,1133590.0,1134870.02,0.113
2024-07-18 16:35:36+00:00,btc_mxn,1133590.0,1134870.02,0.113
2024-07-18 16:35:37+00:00,btc_mxn,1133590.0,1134870.02,0.113
2024-07-18 16:35:38+00:00,btc_mxn,1133590.0,1134870.02,0.113
2024-07-18 16:35:39+00:00,btc_mxn,1133590.0,1134870.02,0.113
2024-07-18 16:35:40+00:00,btc_mxn,1133590.0,1134870.02,0.113
2024-07-18 16:35:41+00:00,btc_mxn,1133590.0,1134870.02,0.113
2024-07-18 16:35:42+00:00,btc_mxn,1133590.0,1134870.02,0.113
2024-07-18 16:35:43+00:00,btc_mxn,1133590.0,1134870.02,0.113
2024-07-18 16:35:44+00:00,btc_mxn,1133590.0,1134870.02,0.113
2024-07-18 16:35:45+00:00,btc_mxn,1133590.0,1134870.02,0.113
2024-07-18 16:35:46+00:00,btc_mxn,1133590.0,1134870.02,0.113
2024-07-18 16:35:47+00:00,btc_mxn,1133590.0,1134870.02,0.113
2024-07-18 16:35:48+00:00,btc_mxn,1133590.0,1134870.02,0.113
2024-07-18 16:35:49+00:00,btc_mxn,1133590.0,1134870.02,0.113
2024-07-18 16:35:50+00:00,btc_mxn,1133590.0,1134870.02,0.113
2024-07-18 16:35:51+00:00,btc_mxn,1133590.0,1134870.02,0.113
2024-07-18 16:35:52+00:00,btc_mxn,1133590.0,1134870.02,0.113
2024-07-18 16:35:53+00:00,btc_mxn,1133590.0,1134870.02,0.113
2024-07-18 16:35:54+00:00,btc_mxn,1133590.0,1134870.02,0.113
2024-07-18 16:35:55+00:00,btc_mxn,1133590.0,1134870.02,0.113
2024-07-18 16:35:57+00:00,btc_mxn,1133590.0,1134870.02,0.113
2024-07-18 16:35:58+00:00,btc_mxn,1133590.0,1134870.02,0.113
2024-07-18 16:35:59+00:00,btc_mxn,1134020.0,1134870.02,0.075
2024-07-18 16:36:00+00:00,btc_mxn,1134030.0,1134870.02,0.074
2024-07-18 16:36:01+00:00,btc_mxn,1134030.0,1134870.02,0.074
2024-07-18 16:36:02+00:00,btc_mxn,1134130.0,1134870.02,0.065
2024-07-18 16:36:03+00:00,btc_mxn,1134130.0,1134870.02,0.065
2024-07-18 16:36:04+00:00,btc_mxn,1134130.0,1134870.02,0.065
2024-07-18 16:36:05+00:00,btc_mxn,1135819.98,1135820.02,0.0
2024-07-18 16:36:06+00:00,btc_mxn,1135819.98,1135820.02,0.0
2024-07-18 16:36:07+00:00,btc_mxn,1135819.98,1135820.02,0.0
2024-07-18 16:36:08+00:00,btc_mxn,1135819.98,1135820.02,0.0
2024-07-18 16:36:09+00:00,btc_mxn,1135819.98,1135820.02,0.0
2024-07-18 16:36:10+00:00,btc_mxn,1135819.98,1135820.02,0.0
2024-07-18 16:36:11+00:00,btc_mxn,1135819.98,1135820.02,0.0
2024-07-18 16:36:12+00:00,btc_mxn,1135819.98,1135820.02,0.0
2024-07-18 16:36:13+00:00,btc_mxn,1135819.98,1135820.02,0.0
2024-07-18 16:36:14+00:00,btc_mxn,1135819.98,1135820.02,0.0
2024-07-18 16:36:15+00:00,btc_mxn,1135819.98,1135820.02,0.0
2024-07-18 16:36:16+00:00,btc_mxn,1135819.98,1135820.02,0.0
2024-07-18 16:36:17+00:00,btc_mxn,1135819.98,1135820.02,0.0
2024-07-18 16:36:18+00:00,btc_mxn,1135819.98,1135820.02,0.0
2024-07-18 16:36:19+00:00,btc_mxn,1135819.98,1135820.02,0.0
2024-07-18 16:36:20+00:00,btc_mxn,1135819.98,1135820.02,0.0
2024-07-18 16:36:21+00:00,btc_mxn,1135819.98,1135820.02,0.0
2024-07-18 16:36:22+00:00,btc_mxn,1135819.98,1135820.02,0.0
2024-07-18 16:36:23+00:00,btc_mxn,1135819.98,1135820.02,0.0
2024-07-18 16:36:24+00:00,btc_mxn,1135819.98,1135820.02,0.0
2024-07-18 16:36:25+00:00,btc_mxn,1135819.98,1135820.02,0.0
2024-07-18 16:36:26+00:00,btc_mxn,1135819.98,1135820.02,0.0
2024-07-18 16:36:27+00:00,btc_mxn,1135819.98,1135820.02,0.0
2024-07-18 16:36:28+00:00,btc_mxn,1135819.98,1135820.02,0.0
2024-07-18 16:36:29+00:00,btc_mxn,1135819.98,1135820.02,0.0
2024-07-18 16:36:30+00:00,btc_mxn,1135819.98,1135820.02,0.0
2024-07-18 16:36:31+00:00,btc_mxn,1135819.98,1135820.02,0.0
2024-07-18 16:36:32+00:00,btc_mxn,1135819.98,1135820.02,0.0
2024-07-18 16:36:33+00:00,btc_mxn,1135819.98,1135820.02,0.0
2024-07-18 16:36:34+00:00,btc_mxn,1135819.98,1135820.02,0.0
2024-07-18 16:36:35+00:00,btc_mxn,1135819.98,1135820.02,0.0
2024-07-18 16:36:36+00:00,btc_mxn,1135819.98,1135820.02,0.0
2024-07-18 16:36:37+00:00,btc_mxn,1135819.98,1135820.02,0.0
2024-07-18 16:36:38+00:00,btc_mxn,1135819.98,1135820.02,0.0
2024-07-18 16:36:39+00:00,btc_mxn,1135819.98,1135820.02,0.0
2024-07-18 16:36:40+00:00,btc_mxn,1135819.98,1135820.02,0.0
2024-07-18 16:36:41+00:00,btc_mxn,1135819.98,1135820.02,0.0
2024-07-18 16:36:42+00:00,btc_mxn,1135819.98,1135820.02,0.0
2024-07-18 16:36:43+00:00,btc_mxn,1135819.98,1135820.02,0.0
2024-07-18 16:36:44+00:00,btc_mxn,1135819.98,1135820.02,0.0
2024-07-18 16:36:45+00:00,btc_mxn,1135819.98,1135820.02,0.0
2024-07-18 16:36:46+00:00,btc_mxn,1135819.98,1135820.02,0.0
2024-07-18 16:36:47+00:00,btc_mxn,1135819.98,1135820.02,0.0
2024-07-18 16:36:48+00:00,btc_mxn,1135819.98,1135820.02,0.0
2024-07-18 16:36:49+00:00,btc_mxn,1135819.98,1135820.02,0.0
2024-07-18 16:36:50+00:00,btc_mxn,1135819.98,1135820.02,0.0
2024-07-18 16:36:51+00:00,btc_mxn,1135819.98,1135820.02,0.0
2024-07-18 16:36:52+00:00,btc_mxn,1135819.98,1135820.02,0.0
2024-07-18 16:36:53+00:00,btc_mxn,1135819.98,1135820.02,0.0
2024-07-18 16:36:54+00:00,btc_mxn,1135819.98,1135820.02,0.0
2024-07-18 16:36:55+00:00,btc_mxn,1135819.98,1135820.02,0.0
2024-07-18 16:36:56+00:00,btc_mxn,1135819.98,1135820.02,0.0
2024-07-18 16:36:57+00:00,btc_mxn,1135819.98,1135820.02,0.0
2024-07-18 16:36:59+00:00,btc_mxn,1135819.98,1135820.02,0.0
2024-07-18 16:37:00+00:00,btc_mxn,1135819.98,1135820.02,0.0
2024-07-18 16:37:00+00:00,btc_mxn,1135819.98,1135820.02,0.0
2024-07-18 16:37:01+00:00,btc_mxn,1135819.98,1135820.02,0.0
2024-07-18 16:37:02+00:00,btc_mxn,1135819.98,1135820.02,0.0
2024-07-18 16:37:04+00:00,btc_mxn,1135819.98,1135820.02,0.0
2024-07-18 16:37:05+00:00,btc_mxn,1135819.98,1135820.02,0.0
2024-07-18 16:37:06+00:00,btc_mxn,1135819.98,1135820.02,0.0
2024-07-18 16:37:07+00:00,btc_mxn,1135819.98,1135820.02,0.0
2024-07-18 16:37:08+00:00,btc_mxn,1135819.98,1135820.02,0.0
2024-07-18 16:37:09+00:00,btc_mxn,1135819.98,1135820.02,0.0
2024-07-18 16:37:10+00:00,btc_mxn,1135819.98,1135820.02,0.0
2024-07-18 16:37:11+00:00,btc_mxn,1135819.98,1135820.02,0.0
2024-07-18 16:37:12+00:00,btc_mxn,1135819.98,1135820.02,0.0
2024-07-18 16:37:13+00:00,btc_mxn,1135819.98,1135820.02,0.0
2024-07-18 16:37:14+00:00,btc_mxn,1135819.98,1135820.02,0.0
2024-07-18 16:37:15+00:00,btc_mxn,1135819.98,1135820.02,0.0
2024-07-18 16:37:16+00:00,btc_mxn,1135819.98,1135820.02,0.0
2024-07-18 16:37:17+00:00,btc_mxn,1135819.98,1135820.02,0.0
2024-07-18 16:37:18+00:00,btc_mxn,1135819.98,1135820.02,0.0
2024-07-18 16:37:19+00:00,btc_mxn,1135819.98,1135820.02,0.0
2024-07-18 16:37:20+00:00,btc_mxn,1135819.98,1135820.02,0.0
2024-07-18 16:37:21+00:00,btc_mxn,1135819.98,1135820.02,0.0
2024-07-18 16:37:22+00:00,btc_mxn,1135819.98,1135820.02,0.0
2024-07-18 16:37:23+00:00,btc_mxn,1135819.98,1135820.02,0.0
2024-07-18 16:37:24+00:00,btc_mxn,1135819.98,1135820.02,0.0
2024-07-18 16:37:25+00:00,btc_mxn,1135819.98,1135820.02,0.0
2024-07-18 16:37:26+00:00,btc_mxn,1135819.98,1135820.02,0.0
2024-07-18 16:37:27+00:00,btc_mxn,1135819.98,1135820.02,0.0
2024-07-18 16:37:28+00:00,btc_mxn,1135819.98,1135820.02,0.0
2024-07-18 16:37:29+00:00,btc_mxn,1135819.98,1135820.02,0.0
2024-07-18 16:37:30+00:00,btc_mxn,1135819.98,1135820.02,0.0
2024-07-18 16:37:31+00:00,btc_mxn,1135819.98,1135820.02,0.0
2024-07-18 16:37:32+00:00,btc_mxn,1135819.98,1135820.02,0.0
2024-07-18 16:37:33+00:00,btc_mxn,1135819.98,1135820.02,0.0
2024-07-18 16:37:34+00:00,btc_mxn,1135819.98,1135820.02,0.0
2024-07-18 16:37:35+00:00,btc_mxn,1135819.98,1135820.02,0.0
2024-07-18 16:37:36+00:00,btc_mxn,1135819.98,1135820.02,0.0
2024-07-18 16:37:37+00:00,btc_mxn,1135819.98,1135820.02,0.0
2024-07-18 16:37:38+00:00,btc_mxn,1135819.98,1135820.02,0.0
2024-07-18 16:37:39+00:00,btc_mxn,1135819.98,1135820.02,0.0
2024-07-18 16:37:40+00:00,btc_mxn,1135819.98,1135820.02,0.0
2024-07-18 16:37:41+00:00,btc_mxn,1135819.98,1135820.02,0.0
2024-07-18 16:37:42+00:00,btc_mxn,1135819.98,1135820.02,0.0
2024-07-18 16:37:43+00:00,btc_mxn,1135819.98,1135820.02,0.0
2024-07-18 16:37:44+00:00,btc_mxn,1135819.98,1135820.02,0.0
2024-07-18 16:37:45+00:00,btc_mxn,1135819.98,1135820.02,0.0
2024-07-18 16:37:46+00:00,btc_mxn,1135819.98,1135820.02,0.0
2024-07-18 16:37:47+00:00,btc_mxn,1135819.98,1135820.02,0.0
2024-07-18 16:37:48+00:00,btc_mxn,1135819.98,1135820.02,0.0
2024-07-18 16:37:49+00:00,btc_mxn,1135819.98,1135820.02,0.0
2024-07-18 16:37:50+00:00,btc_mxn,1135819.98,1135820.02,0.0
2024-07-18 16:37:51+00:00,btc_mxn,1135819.98,1135820.02,0.0
2024-07-18 16:37:52+00:00,btc_mxn,1135819.98,1135820.02,0.0
2024-07-18 16:37:53+00:00,btc_mxn,1135819.98,1135820.02,0.0
2024-07-18 16:37:54+00:00,btc_mxn,1135819.98,1135820.02,0.0
2024-07-18 16:37:55+00:00,btc_mxn,1135819.98,1135820.02,0.0
2024-07-18 16:37:56+00:00,btc_mxn,1135819.98,1135820.02,0.0
2024-07-18 16:37:57+00:00,btc_mxn,1135819.98,1135820.02,0.0
2024-07-18 16:37:58+00:00,btc_mxn,1135819.98,1135820.02,0.0
2024-07-18 16:37:59+00:00,btc_mxn,1135819.98,1135820.02,0.0
2024-07-18 16:38:00+00:00,btc_mxn,1135819.98,1135820.02,0.0
2024-07-18 16:38:01+00:00,btc_mxn,1135819.98,1135820.02,0.0
2024-07-18 16:38:02+00:00,btc_mxn,1135819.98,1135820.02,0.0
2024-07-18 16:38:03+00:00,btc_mxn,1135819.98,1135820.02,0.0
2024-07-18 16:38:05+00:00,btc_mxn,1135819.98,1135820.02,0.0
2024-07-18 16:38:05+00:00,btc_mxn,1135819.98,1135820.02,0.0
2024-07-18 16:38:07+00:00,btc_mxn,1135819.98,1135820.02,0.0
2024-07-18 16:38:08+00:00,btc_mxn,1135819.98,1135820.02,0.0
2024-07-18 16:38:09+00:00,btc_mxn,1135819.98,1135820.02,0.0
2024-07-18 16:38:10+00:00,btc_mxn,1135819.98,1135820.02,0.0
2024-07-18 16:38:11+00:00,btc_mxn,1135819.98,1135820.02,0.0
2024-07-18 16:38:12+00:00,btc_mxn,1135819.98,1135820.02,0.0
2024-07-18 16:38:13+00:00,btc_mxn,1135819.98,1135820.02,0.0
2024-07-18 16:38:14+00:00,btc_mxn,1135819.98,1135820.02,0.0
2024-07-18 16:38:15+00:00,btc_mxn,1135819.98,1135820.02,0.0
2024-07-18 16:38:16+00:00,btc_mxn,1135819.98,1135820.02,0.0
2024-07-18 16:38:17+00:00,btc_mxn,1135819.98,1135820.02,0.0
2024-07-18 16:38:18+00:00,btc_mxn,1135819.98,1135820.02,0.0
2024-07-18 16:38:19+00:00,btc_mxn,1135819.98,1135820.02,0.0
2024-07-18 16:38:20+00:00,btc_mxn,1135819.98,1135820.02,0.0
2024-07-18 16:38:21+00:00,btc_mxn,1135819.98,1135820.02,0.0
2024-07-18 16:38:22+00:00,btc_mxn,1135819.98,1135820.02,0.0
2024-07-18 16:38:23+00:00,btc_mxn,1135819.98,1135820.02,0.0
2024-07-18 16:38:24+00:00,btc_mxn,1135819.98,1135820.02,0.0
2024-07-18 16:38:25+00:00,btc_mxn,1135819.98,1135820.02,0.0
2024-07-18 16:38:26+00:00,btc_mxn,1135819.98,1135820.02,0.0
2024-07-18 16:38:27+00:00,btc_mxn,1135819.98,1135820.02,0.0
2024-07-18 16:38:28+00:00,btc_mxn,1135819.98,1135820.02,0.0
2024-07-18 16:38:29+00:00,btc_mxn,1135819.98,1135820.02,0.0
2024-07-18 16:38:30+00:00,btc_mxn,1135819.98,1135820.02,0.0
2024-07-18 16:38:31+00:00,btc_mxn,1135819.98,1135820.02,0.0
2024-07-18 16:38:32+00:00,btc_mxn,1135819.98,1135820.02,0.0
2024-07-18 16:38:33+00:00,btc_mxn,1135819.98,1135820.02,0.0
2024-07-18 16:38:34+00:00,btc_mxn,1135819.98,1135820.02,0.0
2024-07-18 16:38:35+00:00,btc_mxn,1135819.98,1135820.02,0.0
2024-07-18 16:38:36+00:00,btc_mxn,1135819.98,1135820.02,0.0
2024-07-18 16:38:37+00:00,btc_mxn,1135819.98,1135820.02,0.0
2024-07-18 16:38:38+00:00,btc_mxn,1135819.98,1135820.02,0.0
2024-07-18 16:38:39+00:00,btc_mxn,1135819.98,1135820.02,0.0
2024-07-18 16:38:40+00:00,btc_mxn,1135819.98,1135820.02,0.0
2024-07-18 16:38:41+00:00,btc_mxn,1135819.98,1135820.02,0.0
2024-07-18 16:38:42+00:00,btc_mxn,1135819.98,1135820.02,0.0
2024-07-18 16:38:43+00:00,btc_mxn,1135819.98,1135820.02,0.0
2024-07-18 16:38:44+00:00,btc_mxn,1135819.98,1135820.02,0.0
2024-07-18 16:38:45+00:00,btc_mxn,1135819.98,1135820.02,0.0
2024-07-18 16:38:46+00:00,btc_mxn,1135819.98,1135820.02,0.0
2024-07-18 16:38:47+00:00,btc_mxn,1135819.98,1135820.02,0.0
2024-07-18 16:38:48+00:00,btc_mxn,1135819.98,1135820.02,0.0
2024-07-18 16:38:49+00:00,btc_mxn,1135819.98,1135820.02,0.0
2024-07-18 16:38:50+00:00,btc_mxn,1135819.98,1135820.02,0.0
2024-07-18 16:38:51+00:00,btc_mxn,1135819.98,1135820.02,0.0
2024-07-18 16:38:52+00:00,btc_mxn,1135819.98,1135820.02,0.0
2024-07-18 16:38:53+00:00,btc_mxn,1135819.98,1135820.02,0.0
2024-07-18 16:38:54+00:00,btc_mxn,1135819.98,1135820.02,0.0
2024-07-18 16:38:55+00:00,btc_mxn,1135819.98,1135820.02,0.0
2024-07-18 16:38:56+00:00,btc_mxn,1135819.98,1135820.02,0.0
2024-07-18 16:38:57+00:00,btc_mxn,1135819.98,1135820.02,0.0
2024-07-18 16:38:58+00:00,btc_mxn,1135819.98,1135820.02,0.0
2024-07-18 16:38:59+00:00,btc_mxn,1135819.98,1135820.02,0.0
2024-07-18 16:39:00+00:00,btc_mxn,1135819.98,1135820.02,0.0
2024-07-18 16:39:01+00:00,btc_mxn,1135819.98,1135820.02,0.0
2024-07-18 16:39:03+00:00,btc_mxn,1135819.98,1135820.02,0.0
2024-07-18 16:39:03+00:00,btc_mxn,1135819.98,1135820.02,0.0
2024-07-18 16:39:05+00:00,btc_mxn,1135819.98,1135820.02,0.0
2024-07-18 16:39:06+00:00,btc_mxn,1135819.98,1135820.02,0.0
2024-07-18 16:39:07+00:00,btc_mxn,1135819.98,1135820.02,0.0
2024-07-18 16:39:08+00:00,btc_mxn,1135819.98,1135820.02,0.0
2024-07-18 16:39:09+00:00,btc_mxn,1135819.98,1135820.02,0.0
2024-07-18 16:39:10+00:00,btc_mxn,1135819.98,1135820.02,0.0
2024-07-18 16:39:11+00:00,btc_mxn,1135819.98,1135820.02,0.0
2024-07-18 16:39:12+00:00,btc_mxn,1135819.98,1135820.02,0.0
2024-07-18 16:39:13+00:00,btc_mxn,1135819.98,1135820.02,0.0
2024-07-18 16:39:14+00:00,btc_mxn,1135819.98,1135820.02,0.0
2024-07-18 16:39:15+00:00,btc_mxn,1135819.98,1135820.02,0.0
2024-07-18 16:39:16+00:00,btc_mxn,1135819.98,1135820.02,0.0
2024-07-18 16:39:17+00:00,btc_mxn,1135819.98,1135820.02,0.0
2024-07-18 16:39:18+00:00,btc_mxn,1135819.98,1135820.02,0.0
2024-07-18 16:39:19+00:00,btc_mxn,1135819.98,1135820.02,0.0
2024-07-18 16:39:20+00:00,btc_mxn,1135819.98,1135820.02,0.0
2024-07-18 16:39:21+00:00,btc_mxn,1135819.98,1135820.02,0.0
2024-07-18 16:39:22+00:00,btc_mxn,1135819.98,1135820.02,0.0
2024-07-18 16:39:23+00:00,btc_mxn,1135819.98,1135820.02,0.0
2024-07-18 16:39:24+00:00,btc_mxn,1135819.98,1135820.02,0.0
2024-07-18 16:39:25+00:00,btc_mxn,1135819.98,1135820.02,0.0
2024-07-18 16:39:26+00:00,btc_mxn,1135819.98,1135820.02,0.0
2024-07-18 16:39:27+00:00,btc_mxn,1135819.98,1135820.02,0.0
2024-07-18 16:39:28+00:00,btc_mxn,1135819.98,1135820.02,0.0
2024-07-18 16:39:29+00:00,btc_mxn,1135819.98,1135820.02,0.0
2024-07-18 16:39:30+00:00,btc_mxn,1135819.98,1135820.02,0.0
2024-07-18 16:39:31+00:00,btc_mxn,1135819.98,1135820.02,0.0
2024-07-18 16:39:32+00:00,btc_mxn,1135819.98,1135820.02,0.0
2024-07-18 16:39:33+00:00,btc_mxn,1135819.98,1135820.02,0.0
2024-07-18 16:39:34+00:00,btc_mxn,1135819.98,1135820.02,0.0
2024-07-18 16:39:35+00:00,btc_mxn,1135819.98,1135820.02,0.0
2024-07-18 16:39:36+00:00,btc_mxn,1135819.98,1135820.02,0.0
2024-07-18 16:39:37+00:00,btc_mxn,1135819.98,1135820.02,0.0
2024-07-18 16:39:38+00:00,btc_mxn,1135819.98,1135820.02,0.0
2024-07-18 16:39:39+00:00,btc_mxn,1135819.98,1135820.02,0.0
2024-07-18 16:39:40+00:00,btc_mxn,1135819.98,1135820.02,0.0
2024-07-18 16:39:41+00:00,btc_mxn,1135819.98,1135820.02,0.0
2024-07-18 16:39:42+00:00,btc_mxn,1135819.98,1135820.02,0.0
2024-07-18 16:39:43+00:00,btc_mxn,1135819.98,1135820.02,0.0
2024-07-18 16:39:44+00:00,btc_mxn,1135819.98,1135820.02,0.0
2024-07-18 16:39:45+00:00,btc_mxn,1135819.98,1135820.02,0.0
2024-07-18 16:39:46+00:00,btc_mxn,1135819.98,1135820.02,0.0
2024-07-18 16:39:47+00:00,btc_mxn,1135819.98,1135820.02,0.0
2024-07-18 16:39:48+00:00,btc_mxn,1135819.98,1135820.02,0.0
2024-07-18 16:39:49+00:00,btc_mxn,1135819.98,1135820.02,0.0
2024-07-18 16:39:50+00:00,btc_mxn,1135819.98,1135820.02,0.0
2024-07-18 16:39:51+00:00,btc_mxn,1135819.98,1135820.02,0.0
2024-07-18 16:39:52+00:00,btc_mxn,1135819.98,1135820.02,0.0
2024-07-18 16:39:53+00:00,btc_mxn,1135819.98,1135820.02,0.0
2024-07-18 16:39:54+00:00,btc_mxn,1135819.98,1135820.02,0.0
2024-07-18 16:39:55+00:00,btc_mxn,1135819.98,1135820.02,0.0
2024-07-18 16:39:56+00:00,btc_mxn,1135819.98,1135820.02,0.0
2024-07-18 16:39:58+00:00,btc_mxn,1135819.98,1135820.02,0.0
2024-07-18 16:39:59+00:00,btc_mxn,1135819.98,1135820.02,0.0
2024-07-18 16:40:00+00:00,btc_mxn,1135819.98,1135820.02,0.0
2024-07-18 16:40:01+00:00,btc_mxn,1135819.98,1135820.02,0.0
2024-07-18 16:40:02+00:00,btc_mxn,1135819.98,1135820.02,0.0
2024-07-18 16:40:03+00:00,btc_mxn,1135819.98,1135820.02,0.0
2024-07-18 16:40:04+00:00,btc_mxn,1135819.98,1135820.02,0.0
2024-07-18 16:40:05+00:00,btc_mxn,1135819.98,1135820.02,0.0
2024-07-18 16:40:06+00:00,btc_mxn,1135819.98,1135820.02,0.0
2024-07-18 16:40:07+00:00,btc_mxn,1135819.98,1135820.02,0.0
2024-07-18 16:40:08+00:00,btc_mxn,1135819.98,1135820.02,0.0
2024-07-18 16:40:09+00:00,btc_mxn,1135819.98,1135820.02,0.0
2024-07-18 16:40:10+00:00,btc_mxn,1135819.98,1135820.02,0.0
2024-07-18 16:40:11+00:00,btc_mxn,1135819.98,1135820.02,0.0
2024-07-18 16:40:12+00:00,btc_mxn,1135819.98,1135820.02,0.0
2024-07-18 16:40:13+00:00,btc_mxn,1135819.98,1135820.02,0.0
2024-07-18 16:40:14+00:00,btc_mxn,1135819.98,1135820.02,0.0
2024-07-18 16:40:15+00:00,btc_mxn,1135819.98,1135820.02,0.0
2024-07-18 16:40:16+00:00,btc_mxn,1135819.98,1135820.02,0.0
2024-07-18 16:40:17+00:00,btc_mxn,1135819.98,1135820.02,0.0
2024-07-18 16:40:18+00:00,btc_mxn,1135819.98,1135820.02,0.0
2024-07-18 16:40:19+00:00,btc_mxn,1135819.98,1135820.02,0.0
2024-07-18 16:40:20+00:00,btc_mxn,1135819.98,1135820.02,0.0
2024-07-18 16:40:21+00:00,btc_mxn,1135819.98,1135820.02,0.0
2024-07-18 16:40:22+00:00,btc_mxn,1135819.98,1135820.02,0.0
2024-07-18 16:40:23+00:00,btc_mxn,1135819.98,1135820.02,0.0
2024-07-18 16:40:24+00:00,btc_mxn,1135819.98,1135820.02,0.0
2024-07-18 16:40:26+00:00,btc_mxn,1135819.98,1135820.02,0.0
2024-07-18 16:40:26+00:00,btc_mxn,1135819.98,1135820.02,0.0
2024-07-18 16:40:27+00:00,btc_mxn,1135819.98,1135820.02,0.0
2024-07-18 16:40:28+00:00,btc_mxn,1135819.98,1135820.02,0.0
2024-07-18 16:40:29+00:00,btc_mxn,1135819.98,1135820.02,0.0
2024-07-18 16:40:30+00:00,btc_mxn,1135819.98,1135820.02,0.0
2024-07-18 16:40:31+00:00,btc_mxn,1135819.98,1135820.02,0.0
2024-07-18 16:40:32+00:00,btc_mxn,1135819.98,1135820.02,0.0
2024-07-18 16:40:33+00:00,btc_mxn,1135819.98,1135820.02,0.0
2024-07-18 16:40:34+00:00,btc_mxn,1135819.98,1135820.02,0.0
2024-07-18 16:40:35+00:00,btc_mxn,1135819.98,1135820.02,0.0
2024-07-18 16:40:36+00:00,btc_mxn,1135819.98,1135820.02,0.0
2024-07-18 16:40:37+00:00,btc_mxn,1135819.98,1135820.02,0.0
2024-07-18 16:40:38+00:00,btc_mxn,1135819.98,1135820.02,0.0
2024-07-18 16:40:39+00:00,btc_mxn,1135819.98,1135820.02,0.0
2024-07-18 16:40:40+00:00,btc_mxn,1135819.98,1135820.02,0.0
2024-07-18 16:40:41+00:00,btc_mxn,1135819.98,1135820.02,0.0
2024-07-18 16:40:42+00:00,btc_mxn,1135819.98,1135820.02,0.0
2024-07-18 16:40:43+00:00,btc_mxn,1135819.98,1135820.02,0.0
2024-07-18 16:40:45+00:00,btc_mxn,1135819.98,1135820.02,0.0
2024-07-18 16:40:46+00:00,btc_mxn,1135819.98,1135820.02,0.0
2024-07-18 16:40:46+00:00,btc_mxn,1135819.98,1135820.02,0.0
2024-07-18 16:40:48+00:00,btc_mxn,1135819.98,1135820.02,0.0
2024-07-18 16:40:48+00:00,btc_mxn,1135819.98,1135820.02,0.0
2024-07-18 16:40:50+00:00,btc_mxn,1135819.98,1135820.02,0.0
2024-07-18 16:40:51+00:00,btc_mxn,1135819.98,1135820.02,0.0
2024-07-18 16:40:52+00:00,btc_mxn,1135819.98,1135820.02,0.0
2024-07-18 16:40:53+00:00,btc_mxn,1135819.98,1135820.02,0.0
2024-07-18 16:40:54+00:00,btc_mxn,1135819.98,1135820.02,0.0
2024-07-18 16:40:55+00:00,btc_mxn,1135819.98,1135820.02,0.0
2024-07-18 16:40:56+00:00,btc_mxn,1135819.98,1135820.02,0.0
2024-07-18 16:40:57+00:00,btc_mxn,1135819.98,1135820.02,0.0
2024-07-18 16:40:58+00:00,btc_mxn,1135819.98,1135820.02,0.0
2024-07-18 16:40:59+00:00,btc_mxn,1135819.98,1135820.02,0.0
2024-07-18 16:41:00+00:00,btc_mxn,1135819.98,1135820.02,0.0
2024-07-18 16:41:01+00:00,btc_mxn,1135819.98,1135820.02,0.0
2024-07-18 16:41:02+00:00,btc_mxn,1135819.98,1135820.02,0.0
2024-07-18 16:41:03+00:00,btc_mxn,1135819.98,1135820.02,0.0
2024-07-18 16:41:04+00:00,btc_mxn,1139489.98,1139340.0,-0.013
2024-07-18 16:41:05+00:00,btc_mxn,1139489.98,1139490.02,0.0
2024-07-18 16:41:06+00:00,btc_mxn,1139489.98,1139490.02,0.0
2024-07-18 16:41:07+00:00,btc_mxn,1139489.98,1139490.02,0.0
2024-07-18 16:41:08+00:00,btc_mxn,1139489.98,1139490.02,0.0
2024-07-18 16:41:09+00:00,btc_mxn,1139489.98,1139490.02,0.0
2024-07-18 16:41:10+00:00,btc_mxn,1139489.98,1139490.02,0.0
2024-07-18 16:41:11+00:00,btc_mxn,1139489.98,1139490.02,0.0
2024-07-18 16:41:12+00:00,btc_mxn,1139489.98,1139490.02,0.0
2024-07-18 16:41:13+00:00,btc_mxn,1139489.98,1139490.02,0.0
2024-07-18 16:41:14+00:00,btc_mxn,1139489.98,1139490.02,0.0
2024-07-18 16:41:15+00:00,btc_mxn,1139489.98,1139490.02,0.0
2024-07-18 16:41:16+00:00,btc_mxn,1139489.98,1139490.02,0.0
2024-07-18 16:41:17+00:00,btc_mxn,1139489.98,1139490.02,0.0
2024-07-18 16:41:18+00:00,btc_mxn,1139489.98,1139490.02,0.0
2024-07-18 16:41:19+00:00,btc_mxn,1139489.98,1139490.02,0.0
2024-07-18 16:41:20+00:00,btc_mxn,1139489.98,1139490.02,0.0
2024-07-18 16:41:21+00:00,btc_mxn,1139489.98,1139490.02,0.0
2024-07-18 16:41:22+00:00,btc_mxn,1139489.98,1139490.02,0.0
2024-07-18 16:41:23+00:00,btc_mxn,1139489.98,1139490.02,0.0
2024-07-18 16:41:24+00:00,btc_mxn,1139489.98,1139490.02,0.0
2024-07-18 16:41:25+00:00,btc_mxn,1139489.98,1139490.02,0.0
2024-07-18 16:41:26+00:00,btc_mxn,1139489.98,1139490.02,0.0
2024-07-18 16:41:27+00:00,btc_mxn,1139489.98,1139490.02,0.0
2024-07-18 16:41:28+00:00,btc_mxn,1139489.98,1139490.02,0.0
2024-07-18 16:41:29+00:00,btc_mxn,1139489.98,1139490.02,0.0
2024-07-18 16:41:30+00:00,btc_mxn,1139489.98,1139490.02,0.0
2024-07-18 16:41:31+00:00,btc_mxn,1139489.98,1139490.02,0.0
2024-07-18 16:41:32+00:00,btc_mxn,1139489.98,1139490.02,0.0
2024-07-18 16:41:33+00:00,btc_mxn,1139489.98,1139490.02,0.0
2024-07-18 16:41:34+00:00,btc_mxn,1139489.98,1139490.02,0.0
2024-07-18 16:41:35+00:00,btc_mxn,1139489.98,1139490.02,0.0
2024-07-18 16:41:36+00:00,btc_mxn,1139489.98,1139490.02,0.0
2024-07-18 16:41:37+00:00,btc_mxn,1139489.98,1139490.02,0.0
2024-07-18 16:41:38+00:00,btc_mxn,1139489.98,1139490.02,0.0
2024-07-18 16:41:39+00:00,btc_mxn,1139489.98,1139490.02,0.0
2024-07-18 16:41:41+00:00,btc_mxn,1139489.98,1139490.02,0.0
2024-07-18 16:41:41+00:00,btc_mxn,1139489.98,1139490.02,0.0
2024-07-18 16:41:42+00:00,btc_mxn,1139489.98,1139490.02,0.0
2024-07-18 16:41:44+00:00,btc_mxn,1139489.98,1139490.02,0.0
2024-07-18 16:41:44+00:00,btc_mxn,1139489.98,1139490.02,0.0
2024-07-18 16:41:45+00:00,btc_mxn,1139489.98,1139490.02,0.0
2024-07-18 16:41:46+00:00,btc_mxn,1139489.98,1139490.02,0.0
2024-07-18 16:41:47+00:00,btc_mxn,1139489.98,1139490.02,0.0
2024-07-18 16:41:49+00:00,btc_mxn,1139489.98,1139490.02,0.0
2024-07-18 16:41:50+00:00,btc_mxn,1139489.98,1139490.02,0.0
2024-07-18 16:41:51+00:00,btc_mxn,1139489.98,1139490.02,0.0
2024-07-18 16:41:52+00:00,btc_mxn,1139489.98,1139490.02,0.0
2024-07-18 16:41:53+00:00,btc_mxn,1139489.98,1139490.02,0.0
2024-07-18 16:41:54+00:00,btc_mxn,1139489.98,1139490.02,0.0
2024-07-18 16:41:55+00:00,btc_mxn,1139489.98,1139490.02,0.0
2024-07-18 16:41:56+00:00,btc_mxn,1139489.98,1139490.02,0.0
2024-07-18 16:41:57+00:00,btc_mxn,1139489.98,1139490.02,0.0
2024-07-18 16:41:58+00:00,btc_mxn,1139489.98,1139490.02,0.0
2024-07-18 16:41:59+00:00,btc_mxn,1139489.98,1139490.02,0.0
2024-07-18 16:42:00+00:00,btc_mxn,1139489.98,1139490.02,0.0
2024-07-18 16:42:01+00:00,btc_mxn,1139489.98,1139490.02,0.0
2024-07-18 16:42:02+00:00,btc_mxn,1139489.98,1139490.02,0.0
2024-07-18 16:42:03+00:00,btc_mxn,1139489.98,1139490.02,0.0
2024-07-18 16:42:04+00:00,btc_mxn,1139489.98,1139490.02,0.0
2024-07-18 16:42:05+00:00,btc_mxn,1139489.98,1139490.02,0.0
2024-07-18 16:42:06+00:00,btc_mxn,1139489.98,1139490.02,0.0
2024-07-18 16:42:07+00:00,btc_mxn,1139489.98,1139490.02,0.0
2024-07-18 16:42:08+00:00,btc_mxn,1139489.98,1139490.02,0.0
2024-07-18 16:42:09+00:00,btc_mxn,1139489.98,1139490.02,0.0
2024-07-18 16:42:10+00:00,btc_mxn,1139489.98,1139490.02,0.0
2024-07-18 16:42:11+00:00,btc_mxn,1137550.0,1138070.0,0.046
2024-07-18 16:42:12+00:00,btc_mxn,1137550.0,1138070.0,0.046
2024-07-18 16:42:13+00:00,btc_mxn,1137550.0,1138070.0,0.046
2024-07-18 16:42:14+00:00,btc_mxn,1137550.0,1137670.0,0.011
2024-07-18 16:42:15+00:00,btc_mxn,1137550.0,1137660.0,0.01
2024-07-18 16:42:16+00:00,btc_mxn,1134580.0,1137660.0,0.271
2024-07-18 16:42:17+00:00,btc_mxn,1134580.0,1137660.0,0.271
2024-07-18 16:42:18+00:00,btc_mxn,1134630.0,1137660.0,0.266
2024-07-18 16:42:19+00:00,btc_mxn,1134630.0,1137660.0,0.266
2024-07-18 16:42:20+00:00,btc_mxn,1134580.0,1138020.0,0.302
2024-07-18 16:42:21+00:00,btc_mxn,1134580.0,1138020.0,0.302
2024-07-18 16:42:22+00:00,btc_mxn,1134580.0,1138020.0,0.302
2024-07-18 16:42:23+00:00,btc_mxn,1134580.0,1138020.0,0.302
2024-07-18 16:42:24+00:00,btc_mxn,1134580.0,1138020.0,0.302
2024-07-18 16:42:25+00:00,btc_mxn,1134580.0,1138020.0,0.302
2024-07-18 16:42:26+00:00,btc_mxn,1134580.0,1138020.0,0.302
2024-07-18 16:42:27+00:00,btc_mxn,1134580.0,1138020.0,0.302
2024-07-18 16:42:28+00:00,btc_mxn,1134580.0,1138020.0,0.302
2024-07-18 16:42:29+00:00,btc_mxn,1134580.0,1138020.0,0.302
2024-07-18 16:42:30+00:00,btc_mxn,1134580.0,1138020.0,0.302
2024-07-18 16:42:31+00:00,btc_mxn,1134580.0,1138020.0,0.302
2024-07-18 16:42:32+00:00,btc_mxn,1134580.0,1138020.0,0.302
2024-07-18 16:42:33+00:00,btc_mxn,1134580.0,1138020.0,0.302
2024-07-18 16:42:34+00:00,btc_mxn,1134580.0,1138020.0,0.302
2024-07-18 16:42:35+00:00,btc_mxn,1134580.0,1138020.0,0.302
2024-07-18 16:42:36+00:00,btc_mxn,1134580.0,1138020.0,0.302
2024-07-18 16:42:37+00:00,btc_mxn,1134580.0,1138020.0,0.302
2024-07-18 16:42:38+00:00,btc_mxn,1134580.0,1138020.0,0.302
2024-07-18 16:42:39+00:00,btc_mxn,1134580.0,1138020.0,0.302
2024-07-18 16:42:40+00:00,btc_mxn,1134580.0,1138020.0,0.302
2024-07-18 16:42:41+00:00,btc_mxn,1134580.0,1138020.0,0.302
2024-07-18 16:42:42+00:00,btc_mxn,1134580.0,1138020.0,0.302
2024-07-18 16:42:43+00:00,btc_mxn,1134580.0,1138020.0,0.302
2024-07-18 16:42:44+00:00,btc_mxn,1134580.0,1138020.0,0.302
2024-07-18 16:42:45+00:00,btc_mxn,1134580.0,1138020.0,0.302
2024-07-18 16:42:46+00:00,btc_mxn,1134580.0,1138020.0,0.302
2024-07-18 16:42:47+00:00,btc_mxn,1134580.0,1138020.0,0.302
2024-07-18 16:42:48+00:00,btc_mxn,1134580.0,1138020.0,0.302
2024-07-18 16:42:50+00:00,btc_mxn,1134580.0,1138020.0,0.302
2024-07-18 16:42:51+00:00,btc_mxn,1134580.0,1138020.0,0.302
2024-07-18 16:42:52+00:00,btc_mxn,1134580.0,1138020.0,0.302
2024-07-18 16:42:53+00:00,btc_mxn,1134580.0,1138020.0,0.302
2024-07-18 16:42:54+00:00,btc_mxn,1134580.0,1138020.0,0.302
2024-07-18 16:42:55+00:00,btc_mxn,1134580.0,1138020.0,0.302
2024-07-18 16:42:56+00:00,btc_mxn,1134580.0,1138020.0,0.302
2024-07-18 16:42:57+00:00,btc_mxn,1134580.0,1138020.0,0.302
2024-07-18 16:42:58+00:00,btc_mxn,1134580.0,1138020.0,0.302
2024-07-18 16:42:59+00:00,btc_mxn,1134750.0,1138520.0,0.331
2024-07-18 16:43:00+00:00,btc_mxn,1134760.0,1138520.0,0.33
2024-07-18 16:43:01+00:00,btc_mxn,1134760.0,1138520.0,0.33
2024-07-18 16:43:02+00:00,btc_mxn,1134800.0,1138520.0,0.327
2024-07-18 16:43:03+00:00,btc_mxn,1134870.0,1138270.0,0.299
2024-07-18 16:43:04+00:00,btc_mxn,1134840.0,1138090.0,0.286
2024-07-18 16:43:05+00:00,btc_mxn,1134920.0,1138090.0,0.279
2024-07-18 16:43:06+00:00,btc_mxn,1134950.0,1138060.0,0.273
2024-07-18 16:43:07+00:00,btc_mxn,1134940.0,1138060.0,0.274
2024-07-18 16:43:08+00:00,btc_mxn,1134940.0,1138050.0,0.273
2024-07-18 16:43:09+00:00,btc_mxn,1134940.0,1138050.0,0.273
2024-07-18 16:43:10+00:00,btc_mxn,1135100.0,1138050.0,0.259
2024-07-18 16:43:11+00:00,btc_mxn,1134920.0,1137880.0,0.26
2024-07-18 16:43:12+00:00,btc_mxn,1134920.0,1137880.0,0.26
2024-07-18 16:43:13+00:00,btc_mxn,1134920.0,1137880.0,0.26
2024-07-18 16:43:14+00:00,btc_mxn,1134840.0,1138060.0,0.283
2024-07-18 16:43:15+00:00,btc_mxn,1134840.0,1138060.0,0.283
2024-07-18 16:43:16+00:00,btc_mxn,1134840.0,1137960.0,0.274
2024-07-18 16:43:17+00:00,btc_mxn,1134840.0,1137960.0,0.274
2024-07-18 16:43:18+00:00,btc_mxn,1134840.0,1137960.0,0.274
2024-07-18 16:43:19+00:00,btc_mxn,1134840.0,1137680.0,0.25
2024-07-18 16:43:20+00:00,btc_mxn,1134840.0,1137610.0,0.243
2024-07-18 16:43:21+00:00,btc_mxn,1134840.0,1137610.0,0.243
2024-07-18 16:43:22+00:00,btc_mxn,1134840.0,1137560.0,0.239
2024-07-18 16:43:23+00:00,btc_mxn,1134840.0,1137560.0,0.239
2024-07-18 16:43:24+00:00,btc_mxn,1134840.0,1137560.0,0.239
2024-07-18 16:43:25+00:00,btc_mxn,1134840.0,1137560.0,0.239
2024-07-18 16:43:26+00:00,btc_mxn,1134840.0,1137560.0,0.239
2024-07-18 16:43:27+00:00,btc_mxn,1134840.0,1137560.0,0.239
2024-07-18 16:43:28+00:00,btc_mxn,1134840.0,1137560.0,0.239
2024-07-18 16:43:29+00:00,btc_mxn,1134840.0,1137560.0,0.239
2024-07-18 16:43:30+00:00,btc_mxn,1134840.0,1137560.0,0.239
2024-07-18 16:43:31+00:00,btc_mxn,1134840.0,1137560.0,0.239
2024-07-18 16:43:32+00:00,btc_mxn,1134840.0,1137560.0,0.239
2024-07-18 16:43:33+00:00,btc_mxn,1134840.0,1137560.0,0.239
2024-07-18 16:43:34+00:00,btc_mxn,1134840.0,1137560.0,0.239
2024-07-18 16:43:35+00:00,btc_mxn,1134840.0,1137560.0,0.239
2024-07-18 16:43:36+00:00,btc_mxn,1134840.0,1137560.0,0.239
2024-07-18 16:43:37+00:00,btc_mxn,1134840.0,1137560.0,0.239
2024-07-18 16:43:38+00:00,btc_mxn,1134840.0,1137560.0,0.239
2024-07-18 16:43:39+00:00,btc_mxn,1134840.0,1137560.0,0.239
2024-07-18 16:43:40+00:00,btc_mxn,1134840.0,1137560.0,0.239
2024-07-18 16:43:41+00:00,btc_mxn,1134840.0,1137560.0,0.239
2024-07-18 16:43:42+00:00,btc_mxn,1134840.0,1137560.0,0.239
2024-07-18 16:43:43+00:00,btc_mxn,1134840.0,1137560.0,0.239
2024-07-18 16:43:44+00:00,btc_mxn,1134840.0,1137560.0,0.239
2024-07-18 16:43:45+00:00,btc_mxn,1134840.0,1137560.0,0.239
2024-07-18 16:43:46+00:00,btc_mxn,1134840.0,1137560.0,0.239
2024-07-18 16:43:47+00:00,btc_mxn,1134840.0,1137560.0,0.239
2024-07-18 16:43:48+00:00,btc_mxn,1134840.0,1137560.0,0.239
2024-07-18 16:43:49+00:00,btc_mxn,1134840.0,1137560.0,0.239
2024-07-18 16:43:50+00:00,btc_mxn,1134840.0,1137560.0,0.239
2024-07-18 16:43:51+00:00,btc_mxn,1134840.0,1137560.0,0.239
2024-07-18 16:43:52+00:00,btc_mxn,1134840.0,1137560.0,0.239
2024-07-18 16:43:53+00:00,btc_mxn,1134840.0,1137560.0,0.239
2024-07-18 16:43:54+00:00,btc_mxn,1134840.0,1137560.0,0.239
2024-07-18 16:43:56+00:00,btc_mxn,1134840.0,1137560.0,0.239
2024-07-18 16:43:57+00:00,btc_mxn,1134840.0,1137560.0,0.239
2024-07-18 16:43:58+00:00,btc_mxn,1134840.0,1137560.0,0.239
2024-07-18 16:43:58+00:00,btc_mxn,1134840.0,1137560.0,0.239
2024-07-18 16:44:00+00:00,btc_mxn,1134840.0,1137560.0,0.239
2024-07-18 16:44:01+00:00,btc_mxn,1135770.0,1137560.0,0.157
2024-07-18 16:44:02+00:00,btc_mxn,1135770.0,1137560.0,0.157
2024-07-18 16:44:03+00:00,btc_mxn,1135770.0,1137690.0,0.169
2024-07-18 16:44:04+00:00,btc_mxn,1135840.0,1137690.0,0.163
2024-07-18 16:44:05+00:00,btc_mxn,1135850.0,1137690.0,0.162
2024-07-18 16:44:06+00:00,btc_mxn,1135850.0,1138090.0,0.197
2024-07-18 16:44:07+00:00,btc_mxn,1135850.0,1138090.0,0.197
2024-07-18 16:44:08+00:00,btc_mxn,1135870.0,1138090.0,0.195
2024-07-18 16:44:09+00:00,btc_mxn,1135870.0,1138090.0,0.195
2024-07-18 16:44:10+00:00,btc_mxn,1135870.0,1138090.0,0.195
2024-07-18 16:44:11+00:00,btc_mxn,1135870.0,1138090.0,0.195
2024-07-18 16:44:12+00:00,btc_mxn,1135870.0,1138090.0,0.195
2024-07-18 16:44:13+00:00,btc_mxn,1135850.0,1138090.0,0.197
2024-07-18 16:44:14+00:00,btc_mxn,1135850.0,1138090.0,0.197
2024-07-18 16:44:15+00:00,btc_mxn,1135850.0,1138090.0,0.197
2024-07-18 16:44:16+00:00,btc_mxn,1135850.0,1138090.0,0.197
2024-07-18 16:44:17+00:00,btc_mxn,1135850.0,1138090.0,0.197
2024-07-18 16:44:18+00:00,btc_mxn,1135850.0,1138090.0,0.197
2024-07-18 16:44:19+00:00,btc_mxn,1135850.0,1138090.0,0.197
2024-07-18 16:44:20+00:00,btc_mxn,1135850.0,1138090.0,0.197
2024-07-18 16:44:21+00:00,btc_mxn,1135850.0,1138090.0,0.197
2024-07-18 16:44:22+00:00,btc_mxn,1135850.0,1138090.0,0.197
2024-07-18 16:44:23+00:00,btc_mxn,1135850.0,1138090.0,0.197
2024-07-18 16:44:24+00:00,btc_mxn,1135850.0,1138090.0,0.197
2024-07-18 16:44:25+00:00,btc_mxn,1135850.0,1138090.0,0.197
2024-07-18 16:44:26+00:00,btc_mxn,1135850.0,1138090.0,0.197
2024-07-18 16:44:27+00:00,btc_mxn,1135850.0,1138090.0,0.197
2024-07-18 16:44:28+00:00,btc_mxn,1135850.0,1138090.0,0.197
2024-07-18 16:44:29+00:00,btc_mxn,1135850.0,1138090.0,0.197
2024-07-18 16:44:30+00:00,btc_mxn,1135850.0,1138090.0,0.197
2024-07-18 16:44:31+00:00,btc_mxn,1135850.0,1138090.0,0.197
2024-07-18 16:44:32+00:00,btc_mxn,1135850.0,1138090.0,0.197
2024-07-18 16:44:33+00:00,btc_mxn,1135850.0,1138090.0,0.197
2024-07-18 16:44:34+00:00,btc_mxn,1135850.0,1138090.0,0.197
2024-07-18 16:44:35+00:00,btc_mxn,1135850.0,1138090.0,0.197
2024-07-18 16:44:36+00:00,btc_mxn,1135850.0,1138090.0,0.197
2024-07-18 16:44:38+00:00,btc_mxn,1135850.0,1138090.0,0.197
2024-07-18 16:44:39+00:00,btc_mxn,1135850.0,1138090.0,0.197
2024-07-18 16:44:40+00:00,btc_mxn,1135850.0,1138090.0,0.197
2024-07-18 16:44:41+00:00,btc_mxn,1135850.0,1138090.0,0.197
2024-07-18 16:44:42+00:00,btc_mxn,1135850.0,1138090.0,0.197
2024-07-18 16:44:43+00:00,btc_mxn,1135850.0,1138090.0,0.197
2024-07-18 16:44:44+00:00,btc_mxn,1135850.0,1138090.0,0.197
2024-07-18 16:44:45+00:00,btc_mxn,1135850.0,1138090.0,0.197
2024-07-18 16:44:46+00:00,btc_mxn,1135850.0,1138090.0,0.197
2024-07-18 16:44:47+00:00,btc_mxn,1135850.0,1138090.0,0.197
2024-07-18 16:44:48+00:00,btc_mxn,1135850.0,1138090.0,0.197
2024-07-18 16:44:49+00:00,btc_mxn,1135850.0,1138090.0,0.197
2024-07-18 16:44:50+00:00,btc_mxn,1135850.0,1138090.0,0.197
2024-07-18 16:44:51+00:00,btc_mxn,1135850.0,1138090.0,0.197
2024-07-18 16:44:52+00:00,btc_mxn,1135850.0,1138090.0,0.197
2024-07-18 16:44:53+00:00,btc_mxn,1135850.0,1138090.0,0.197
2024-07-18 16:44:54+00:00,btc_mxn,1135850.0,1138090.0,0.197
2024-07-18 16:44:56+00:00,btc_mxn,1135850.0,1138090.0,0.197
2024-07-18 16:44:56+00:00,btc_mxn,1135850.0,1138090.0,0.197
2024-07-18 16:44:57+00:00,btc_mxn,1135850.0,1138090.0,0.197
2024-07-18 16:44:58+00:00,btc_mxn,1135850.0,1138090.0,0.197
2024-07-18 16:44:59+00:00,btc_mxn,1135850.0,1138090.0,0.197
2024-07-18 16:45:00+00:00,btc_mxn,1135850.0,1138090.0,0.197
2024-07-18 16:45:01+00:00,btc_mxn,1135850.0,1138090.0,0.197
2024-07-18 16:45:02+00:00,btc_mxn,1135850.0,1138090.0,0.197
2024-07-18 16:45:03+00:00,btc_mxn,1135850.0,1138090.0,0.197
2024-07-18 16:45:05+00:00,btc_mxn,1135850.0,1138090.0,0.197
2024-07-18 16:45:05+00:00,btc_mxn,1135850.0,1138090.0,0.197
2024-07-18 16:45:07+00:00,btc_mxn,1135850.0,1138090.0,0.197
2024-07-18 16:45:08+00:00,btc_mxn,1135850.0,1138090.0,0.197
2024-07-18 16:45:09+00:00,btc_mxn,1135850.0,1138090.0,0.197
2024-07-18 16:45:10+00:00,btc_mxn,1135850.0,1138090.0,0.197
2024-07-18 16:45:11+00:00,btc_mxn,1135850.0,1138090.0,0.197
2024-07-18 16:45:12+00:00,btc_mxn,1135850.0,1138090.0,0.197
2024-07-18 16:45:13+00:00,btc_mxn,1135850.0,1138090.0,0.197
2024-07-18 16:45:15+00:00,btc_mxn,1135850.0,1138090.0,0.197
2024-07-18 16:45:16+00:00,btc_mxn,1135850.0,1138090.0,0.197
2024-07-18 16:45:17+00:00,btc_mxn,1135850.0,1138090.0,0.197
2024-07-18 16:45:18+00:00,btc_mxn,1135850.0,1138090.0,0.197
2024-07-18 16:45:19+00:00,btc_mxn,1135850.0,1138090.0,0.197
2024-07-18 16:45:20+00:00,btc_mxn,1135850.0,1138090.0,0.197
2024-07-18 16:45:21+00:00,btc_mxn,1135850.0,1138090.0,0.197
2024-07-18 16:45:22+00:00,btc_mxn,1135850.0,1138090.0,0.197
2024-07-18 16:45:23+00:00,btc_mxn,1135850.0,1138090.0,0.197
