orderbook_timestamp,book,bid,ask,spread
2024-07-18 03:40:03+00:00,btc_mxn,1147529.98,1147530.02,0.0
2024-07-18 03:40:04+00:00,btc_mxn,1147529.98,1147530.02,0.0
2024-07-18 03:40:05+00:00,btc_mxn,1147529.98,1147530.02,0.0
2024-07-18 03:40:06+00:00,btc_mxn,1147529.98,1147530.02,0.0
2024-07-18 03:40:07+00:00,btc_mxn,1147529.98,1147530.02,0.0
2024-07-18 03:40:08+00:00,btc_mxn,1147529.98,1147530.02,0.0
2024-07-18 03:40:09+00:00,btc_mxn,1147529.98,1147530.02,0.0
2024-07-18 03:40:10+00:00,btc_mxn,1147529.98,1147530.02,0.0
2024-07-18 03:40:11+00:00,btc_mxn,1147529.98,1147530.02,0.0
2024-07-18 03:40:12+00:00,btc_mxn,1147529.98,1147530.02,0.0
2024-07-18 03:40:13+00:00,btc_mxn,1147529.98,1147530.02,0.0
2024-07-18 03:40:14+00:00,btc_mxn,1147529.98,1147530.02,0.0
2024-07-18 03:40:15+00:00,btc_mxn,1147529.98,1147530.02,0.0
2024-07-18 03:40:16+00:00,btc_mxn,1147529.98,1147530.02,0.0
2024-07-18 03:40:17+00:00,btc_mxn,1147529.98,1147530.02,0.0
2024-07-18 03:40:18+00:00,btc_mxn,1147529.98,1147530.02,0.0
2024-07-18 03:40:19+00:00,btc_mxn,1147529.98,1147530.02,0.0
2024-07-18 03:40:20+00:00,btc_mxn,1147529.98,1147530.02,0.0
2024-07-18 03:40:21+00:00,btc_mxn,1147529.98,1147530.02,0.0
2024-07-18 03:40:22+00:00,btc_mxn,1147529.98,1147530.02,0.0
2024-07-18 03:40:23+00:00,btc_mxn,1147529.98,1147530.02,0.0
2024-07-18 03:40:24+00:00,btc_mxn,1147529.98,1147530.02,0.0
2024-07-18 03:40:25+00:00,btc_mxn,1147529.98,1147530.02,0.0
2024-07-18 03:40:26+00:00,btc_mxn,1147529.98,1147530.02,0.0
2024-07-18 03:40:27+00:00,btc_mxn,1147529.98,1147530.02,0.0
2024-07-18 03:40:28+00:00,btc_mxn,1147529.98,1147530.02,0.0
2024-07-18 03:40:29+00:00,btc_mxn,1147529.98,1147530.02,0.0
2024-07-18 03:40:30+00:00,btc_mxn,1147529.98,1147530.02,0.0
2024-07-18 03:40:31+00:00,btc_mxn,1147529.98,1147530.02,0.0
2024-07-18 03:40:32+00:00,btc_mxn,1147529.98,1147530.02,0.0
2024-07-18 03:40:33+00:00,btc_mxn,1147529.98,1147530.02,0.0
2024-07-18 03:40:34+00:00,btc_mxn,1147529.98,1147530.02,0.0
2024-07-18 03:40:35+00:00,btc_mxn,1147529.98,1147530.02,0.0
2024-07-18 03:40:36+00:00,btc_mxn,1147529.98,1147530.02,0.0
2024-07-18 03:40:37+00:00,btc_mxn,1147529.98,1147530.02,0.0
2024-07-18 03:40:38+00:00,btc_mxn,1147529.98,1147530.02,0.0
2024-07-18 03:40:39+00:00,btc_mxn,1147529.98,1147530.02,0.0
2024-07-18 03:40:40+00:00,btc_mxn,1147529.98,1147530.02,0.0
2024-07-18 03:40:41+00:00,btc_mxn,1147529.98,1147530.02,0.0
2024-07-18 03:40:42+00:00,btc_mxn,1147529.98,1147530.02,0.0
2024-07-18 03:40:43+00:00,btc_mxn,1148989.98,1148990.02,0.0
2024-07-18 03:40:44+00:00,btc_mxn,1148989.98,1148990.02,0.0
2024-07-18 03:40:45+00:00,btc_mxn,1148989.98,1148990.02,0.0
2024-07-18 03:40:46+00:00,btc_mxn,1148989.98,1148990.02,0.0
2024-07-18 03:40:47+00:00,btc_mxn,1148989.98,1148990.02,0.0
2024-07-18 03:40:48+00:00,btc_mxn,1148989.98,1148990.02,0.0
2024-07-18 03:40:49+00:00,btc_mxn,1148989.98,1148990.02,0.0
2024-07-18 03:40:50+00:00,btc_mxn,1148989.98,1148990.02,0.0
2024-07-18 03:40:52+00:00,btc_mxn,1148989.98,1148990.02,0.0
2024-07-18 03:40:53+00:00,btc_mxn,1148989.98,1148990.02,0.0
2024-07-18 03:40:54+00:00,btc_mxn,1148989.98,1148990.02,0.0
2024-07-18 03:40:55+00:00,btc_mxn,1148989.98,1148990.02,0.0
2024-07-18 03:40:56+00:00,btc_mxn,1148989.98,1148990.02,0.0
2024-07-18 03:40:57+00:00,btc_mxn,1148989.98,1148990.02,0.0
2024-07-18 03:40:58+00:00,btc_mxn,1148989.98,1148990.02,0.0
2024-07-18 03:40:59+00:00,btc_mxn,1148989.98,1148990.02,0.0
2024-07-18 03:41:00+00:00,btc_mxn,1148989.98,1148990.02,0.0
2024-07-18 03:41:01+00:00,btc_mxn,1148989.98,1148990.02,0.0
2024-07-18 03:41:02+00:00,btc_mxn,1148989.98,1148990.02,0.0
2024-07-18 03:41:03+00:00,btc_mxn,1148989.98,1148990.02,0.0
2024-07-18 03:41:04+00:00,btc_mxn,1148989.98,1148990.02,0.0
2024-07-18 03:41:05+00:00,btc_mxn,1148989.98,1148990.02,0.0
2024-07-18 03:41:06+00:00,btc_mxn,1148989.98,1148990.02,0.0
2024-07-18 03:41:07+00:00,btc_mxn,1148989.98,1148990.02,0.0
2024-07-18 03:41:08+00:00,btc_mxn,1148989.98,1148990.02,0.0
2024-07-18 03:41:09+00:00,btc_mxn,1148989.98,1148990.02,0.0
2024-07-18 03:41:10+00:00,btc_mxn,1148989.98,1148990.02,0.0
2024-07-18 03:41:11+00:00,btc_mxn,1148989.98,1148990.02,0.0
2024-07-18 03:41:12+00:00,btc_mxn,1148989.98,1148990.02,0.0
2024-07-18 03:41:13+00:00,btc_mxn,1148989.98,1148990.02,0.0
2024-07-18 03:41:14+00:00,btc_mxn,1148989.98,1148990.02,0.0
2024-07-18 03:41:15+00:00,btc_mxn,1148989.98,1148990.02,0.0
2024-07-18 03:41:16+00:00,btc_mxn,1148989.98,1148990.02,0.0
2024-07-18 03:41:17+00:00,btc_mxn,1148989.98,1148990.02,0.0
2024-07-18 03:41:18+00:00,btc_mxn,1148989.98,1148990.02,0.0
2024-07-18 03:41:19+00:00,btc_mxn,1148989.98,1148990.02,0.0
2024-07-18 03:41:20+00:00,btc_mxn,1148989.98,1148990.02,0.0
2024-07-18 03:41:21+00:00,btc_mxn,1148989.98,1148990.02,0.0
2024-07-18 03:41:22+00:00,btc_mxn,1148989.98,1148990.02,0.0
2024-07-18 03:41:23+00:00,btc_mxn,1148989.98,1148990.02,0.0
2024-07-18 03:41:24+00:00,btc_mxn,1148989.98,1148990.02,0.0
2024-07-18 03:41:25+00:00,btc_mxn,1148989.98,1148990.02,0.0
2024-07-18 03:41:26+00:00,btc_mxn,1148989.98,1148990.02,0.0
2024-07-18 03:41:27+00:00,btc_mxn,1148989.98,1148990.02,0.0
2024-07-18 03:41:28+00:00,btc_mxn,1148989.98,1148990.02,0.0
2024-07-18 03:41:29+00:00,btc_mxn,1148989.98,1148990.02,0.0
2024-07-18 03:41:30+00:00,btc_mxn,1148989.98,1148990.02,0.0
2024-07-18 03:41:31+00:00,btc_mxn,1148989.98,1148990.02,0.0
2024-07-18 03:41:32+00:00,btc_mxn,1148989.98,1148990.02,0.0
2024-07-18 03:41:33+00:00,btc_mxn,1148989.98,1148990.02,0.0
2024-07-18 03:41:34+00:00,btc_mxn,1148989.98,1148990.02,0.0
2024-07-18 03:41:35+00:00,btc_mxn,1148989.98,1148990.02,0.0
2024-07-18 03:41:36+00:00,btc_mxn,1148989.98,1148990.02,0.0
2024-07-18 03:41:37+00:00,btc_mxn,1148989.98,1148990.02,0.0
2024-07-18 03:41:38+00:00,btc_mxn,1148989.98,1148990.02,0.0
2024-07-18 03:41:39+00:00,btc_mxn,1148989.98,1148990.02,0.0
2024-07-18 03:41:40+00:00,btc_mxn,1148989.98,1148990.02,0.0
2024-07-18 03:41:41+00:00,btc_mxn,1148989.98,1148990.02,0.0
2024-07-18 03:41:42+00:00,btc_mxn,1148989.98,1148990.02,0.0
2024-07-18 03:41:43+00:00,btc_mxn,1148989.98,1148990.02,0.0
2024-07-18 03:41:44+00:00,btc_mxn,1148989.98,1148990.02,0.0
2024-07-18 03:41:45+00:00,btc_mxn,1148989.98,1148990.02,0.0
2024-07-18 03:41:46+00:00,btc_mxn,1148989.98,1148990.02,0.0
2024-07-18 03:41:47+00:00,btc_mxn,1148989.98,1148990.02,0.0
2024-07-18 03:41:48+00:00,btc_mxn,1148989.98,1148990.02,0.0
2024-07-18 03:41:49+00:00,btc_mxn,1148989.98,1148990.02,0.0
2024-07-18 03:41:50+00:00,btc_mxn,1148989.98,1148990.02,0.0
2024-07-18 03:41:52+00:00,btc_mxn,1148989.98,1148990.02,0.0
2024-07-18 03:41:52+00:00,btc_mxn,1148989.98,1148990.02,0.0
2024-07-18 03:41:54+00:00,btc_mxn,1148989.98,1148990.02,0.0
2024-07-18 03:41:55+00:00,btc_mxn,1148989.98,1148990.02,0.0
2024-07-18 03:41:56+00:00,btc_mxn,1148989.98,1148990.02,0.0
2024-07-18 03:41:57+00:00,btc_mxn,1148989.98,1148990.02,0.0
2024-07-18 03:41:58+00:00,btc_mxn,1148989.98,1148990.02,0.0
2024-07-18 03:41:59+00:00,btc_mxn,1148989.98,1148990.02,0.0
2024-07-18 03:42:00+00:00,btc_mxn,1148989.98,1148990.02,0.0
2024-07-18 03:42:01+00:00,btc_mxn,1148989.98,1148990.02,0.0
2024-07-18 03:42:02+00:00,btc_mxn,1148989.98,1148990.02,0.0
2024-07-18 03:42:03+00:00,btc_mxn,1148989.98,1148990.02,0.0
2024-07-18 03:42:04+00:00,btc_mxn,1148989.98,1148990.02,0.0
2024-07-18 03:42:05+00:00,btc_mxn,1148989.98,1148990.02,0.0
2024-07-18 03:42:06+00:00,btc_mxn,1148989.98,1148990.02,0.0
2024-07-18 03:42:07+00:00,btc_mxn,1148989.98,1148990.02,0.0
2024-07-18 03:42:08+00:00,btc_mxn,1148989.98,1148990.02,0.0
2024-07-18 03:42:09+00:00,btc_mxn,1148989.98,1148990.02,0.0
2024-07-18 03:42:10+00:00,btc_mxn,1148989.98,1148990.02,0.0
2024-07-18 03:42:11+00:00,btc_mxn,1148989.98,1148990.02,0.0
2024-07-18 03:42:12+00:00,btc_mxn,1148989.98,1148990.02,0.0
2024-07-18 03:42:13+00:00,btc_mxn,1148989.98,1148990.02,0.0
2024-07-18 03:42:14+00:00,btc_mxn,1148989.98,1148990.02,0.0
2024-07-18 03:42:15+00:00,btc_mxn,1148989.98,1148990.02,0.0
2024-07-18 03:42:16+00:00,btc_mxn,1148989.98,1148990.02,0.0
2024-07-18 03:42:17+00:00,btc_mxn,1148989.98,1148990.02,0.0
2024-07-18 03:42:18+00:00,btc_mxn,1148989.98,1148990.02,0.0
2024-07-18 03:42:19+00:00,btc_mxn,1148989.98,1148990.02,0.0
2024-07-18 03:42:20+00:00,btc_mxn,1148989.98,1148990.02,0.0
2024-07-18 03:42:21+00:00,btc_mxn,1148989.98,1148990.02,0.0
2024-07-18 03:42:22+00:00,btc_mxn,1148989.98,1148990.02,0.0
2024-07-18 03:42:23+00:00,btc_mxn,1148989.98,1148990.02,0.0
2024-07-18 03:42:24+00:00,btc_mxn,1148989.98,1148990.02,0.0
2024-07-18 03:42:25+00:00,btc_mxn,1148989.98,1148990.02,0.0
2024-07-18 03:42:26+00:00,btc_mxn,1148989.98,1148990.02,0.0
2024-07-18 03:42:27+00:00,btc_mxn,1148989.98,1148990.02,0.0
2024-07-18 03:42:28+00:00,btc_mxn,1148989.98,1148990.02,0.0
2024-07-18 03:42:29+00:00,btc_mxn,1148989.98,1148990.02,0.0
2024-07-18 03:42:30+00:00,btc_mxn,1148989.98,1148990.02,0.0
2024-07-18 03:42:31+00:00,btc_mxn,1148989.98,1148990.02,0.0
2024-07-18 03:42:32+00:00,btc_mxn,1148989.98,1148990.02,0.0
2024-07-18 03:42:33+00:00,btc_mxn,1148989.98,1148990.02,0.0
2024-07-18 03:42:34+00:00,btc_mxn,1148989.98,1148990.02,0.0
2024-07-18 03:42:35+00:00,btc_mxn,1148989.98,1148990.02,0.0
2024-07-18 03:42:36+00:00,btc_mxn,1148989.98,1148990.02,0.0
2024-07-18 03:42:37+00:00,btc_mxn,1148989.98,1148990.02,0.0
2024-07-18 03:42:38+00:00,btc_mxn,1148989.98,1148990.02,0.0
2024-07-18 03:42:39+00:00,btc_mxn,1148989.98,1148990.02,0.0
2024-07-18 03:42:40+00:00,btc_mxn,1148989.98,1148990.02,0.0
2024-07-18 03:42:41+00:00,btc_mxn,1148989.98,1148990.02,0.0
2024-07-18 03:42:42+00:00,btc_mxn,1148989.98,1148990.02,0.0
2024-07-18 03:42:43+00:00,btc_mxn,1148989.98,1148990.02,0.0
2024-07-18 03:42:44+00:00,btc_mxn,1148989.98,1148990.02,0.0
2024-07-18 03:42:45+00:00,btc_mxn,1148989.98,1148990.02,0.0
2024-07-18 03:42:46+00:00,btc_mxn,1148989.98,1148990.02,0.0
2024-07-18 03:42:47+00:00,btc_mxn,1148989.98,1148990.02,0.0
2024-07-18 03:42:48+00:00,btc_mxn,1148989.98,1148990.02,0.0
2024-07-18 03:42:49+00:00,btc_mxn,1148989.98,1148990.02,0.0
2024-07-18 03:42:50+00:00,btc_mxn,1148989.98,1148990.02,0.0
2024-07-18 03:42:52+00:00,btc_mxn,1148989.98,1148990.02,0.0
2024-07-18 03:42:53+00:00,btc_mxn,1148989.98,1148990.02,0.0
2024-07-18 03:42:53+00:00,btc_mxn,1148989.98,1148990.02,0.0
2024-07-18 03:42:55+00:00,btc_mxn,1148989.98,1148990.02,0.0
2024-07-18 03:42:56+00:00,btc_mxn,1148989.98,1148990.02,0.0
2024-07-18 03:42:57+00:00,btc_mxn,1148989.98,1148990.02,0.0
2024-07-18 03:42:58+00:00,btc_mxn,1148989.98,1148990.02,0.0
2024-07-18 03:42:59+00:00,btc_mxn,1148989.98,1148990.02,0.0
2024-07-18 03:43:00+00:00,btc_mxn,1148989.98,1148990.02,0.0
2024-07-18 03:43:01+00:00,btc_mxn,1148989.98,1148990.02,0.0
2024-07-18 03:43:02+00:00,btc_mxn,1148989.98,1148990.02,0.0
2024-07-18 03:43:03+00:00,btc_mxn,1148989.98,1148990.02,0.0
2024-07-18 03:43:04+00:00,btc_mxn,1148989.98,1148990.02,0.0
2024-07-18 03:43:05+00:00,btc_mxn,1148989.98,1148990.02,0.0
2024-07-18 03:43:06+00:00,btc_mxn,1148989.98,1148990.02,0.0
2024-07-18 03:43:07+00:00,btc_mxn,1148989.98,1148990.02,0.0
2024-07-18 03:43:08+00:00,btc_mxn,1148989.98,1148990.02,0.0
2024-07-18 03:43:09+00:00,btc_mxn,1148989.98,1148990.02,0.0
2024-07-18 03:43:10+00:00,btc_mxn,1148989.98,1148990.02,0.0
2024-07-18 03:43:11+00:00,btc_mxn,1148989.98,1148990.02,0.0
2024-07-18 03:43:12+00:00,btc_mxn,1148989.98,1148990.02,0.0
2024-07-18 03:43:13+00:00,btc_mxn,1148989.98,1148990.02,0.0
2024-07-18 03:43:14+00:00,btc_mxn,1148989.98,1148990.02,0.0
2024-07-18 03:43:15+00:00,btc_mxn,1148989.98,1148990.02,0.0
2024-07-18 03:43:16+00:00,btc_mxn,1148989.98,1148990.02,0.0
2024-07-18 03:43:17+00:00,btc_mxn,1148989.98,1148990.02,0.0
2024-07-18 03:43:18+00:00,btc_mxn,1148989.98,1148990.02,0.0
2024-07-18 03:43:19+00:00,btc_mxn,1148989.98,1148990.02,0.0
2024-07-18 03:43:20+00:00,btc_mxn,1148989.98,1148990.02,0.0
2024-07-18 03:43:21+00:00,btc_mxn,1148989.98,1148990.02,0.0
2024-07-18 03:43:22+00:00,btc_mxn,1148989.98,1148990.02,0.0
2024-07-18 03:43:23+00:00,btc_mxn,1148989.98,1148990.02,0.0
2024-07-18 03:43:24+00:00,btc_mxn,1148989.98,1148990.02,0.0
2024-07-18 03:43:25+00:00,btc_mxn,1148989.98,1148990.02,0.0
2024-07-18 03:43:26+00:00,btc_mxn,1148989.98,1148990.02,0.0
2024-07-18 03:43:27+00:00,btc_mxn,1148989.98,1148990.02,0.0
2024-07-18 03:43:28+00:00,btc_mxn,1148989.98,1148990.02,0.0
2024-07-18 03:43:29+00:00,btc_mxn,1148989.98,1148990.02,0.0
2024-07-18 03:43:30+00:00,btc_mxn,1148989.98,1148990.02,0.0
2024-07-18 03:43:31+00:00,btc_mxn,1148989.98,1148990.02,0.0
2024-07-18 03:43:32+00:00,btc_mxn,1148989.98,1148990.02,0.0
2024-07-18 03:43:33+00:00,btc_mxn,1148989.98,1148990.02,0.0
2024-07-18 03:43:34+00:00,btc_mxn,1148989.98,1148990.02,0.0
2024-07-18 03:43:35+00:00,btc_mxn,1148989.98,1148990.02,0.0
2024-07-18 03:43:36+00:00,btc_mxn,1148989.98,1148990.02,0.0
2024-07-18 03:43:37+00:00,btc_mxn,1148989.98,1148990.02,0.0
2024-07-18 03:43:38+00:00,btc_mxn,1148989.98,1148990.02,0.0
2024-07-18 03:43:39+00:00,btc_mxn,1148989.98,1148990.02,0.0
2024-07-18 03:43:40+00:00,btc_mxn,1148989.98,1148990.02,0.0
2024-07-18 03:43:41+00:00,btc_mxn,1148989.98,1148990.02,0.0
2024-07-18 03:43:42+00:00,btc_mxn,1148989.98,1148990.02,0.0
2024-07-18 03:43:43+00:00,btc_mxn,1148989.98,1148990.02,0.0
2024-07-18 03:43:44+00:00,btc_mxn,1148989.98,1148990.02,0.0
2024-07-18 03:43:45+00:00,btc_mxn,1148989.98,1148990.02,0.0
2024-07-18 03:43:46+00:00,btc_mxn,1148989.98,1148990.02,0.0
2024-07-18 03:43:47+00:00,btc_mxn,1148989.98,1148990.02,0.0
2024-07-18 03:43:48+00:00,btc_mxn,1148989.98,1148990.02,0.0
2024-07-18 03:43:49+00:00,btc_mxn,1148989.98,1148990.02,0.0
2024-07-18 03:43:50+00:00,btc_mxn,1148989.98,1148990.02,0.0
2024-07-18 03:43:51+00:00,btc_mxn,1148989.98,1148990.02,0.0
2024-07-18 03:43:52+00:00,btc_mxn,1148989.98,1148990.02,0.0
2024-07-18 03:43:53+00:00,btc_mxn,1148989.98,1148990.02,0.0
2024-07-18 03:43:54+00:00,btc_mxn,1148989.98,1148990.02,0.0
2024-07-18 03:43:55+00:00,btc_mxn,1148989.98,1148990.02,0.0
2024-07-18 03:43:56+00:00,btc_mxn,1148989.98,1148990.02,0.0
2024-07-18 03:43:57+00:00,btc_mxn,1148989.98,1148990.02,0.0
2024-07-18 03:43:58+00:00,btc_mxn,1148989.98,1148990.02,0.0
2024-07-18 03:43:59+00:00,btc_mxn,1148989.98,1148990.02,0.0
2024-07-18 03:44:00+00:00,btc_mxn,1148989.98,1148990.02,0.0
2024-07-18 03:44:01+00:00,btc_mxn,1148989.98,1148990.02,0.0
2024-07-18 03:44:02+00:00,btc_mxn,1148989.98,1148990.02,0.0
2024-07-18 03:44:03+00:00,btc_mxn,1148989.98,1148990.02,0.0
2024-07-18 03:44:04+00:00,btc_mxn,1148989.98,1148990.02,0.0
2024-07-18 03:44:05+00:00,btc_mxn,1148989.98,1148990.02,0.0
2024-07-18 03:44:06+00:00,btc_mxn,1148989.98,1148990.02,0.0
2024-07-18 03:44:07+00:00,btc_mxn,1148989.98,1148990.02,0.0
2024-07-18 03:44:08+00:00,btc_mxn,1148989.98,1148990.02,0.0
2024-07-18 03:44:09+00:00,btc_mxn,1148989.98,1148990.02,0.0
2024-07-18 03:44:10+00:00,btc_mxn,1148989.98,1148990.02,0.0
2024-07-18 03:44:12+00:00,btc_mxn,1148989.98,1148990.02,0.0
2024-07-18 03:44:13+00:00,btc_mxn,1148989.98,1148990.02,0.0
2024-07-18 03:44:13+00:00,btc_mxn,1148989.98,1148990.02,0.0
2024-07-18 03:44:14+00:00,btc_mxn,1148989.98,1148990.02,0.0
2024-07-18 03:44:16+00:00,btc_mxn,1148989.98,1148990.02,0.0
2024-07-18 03:44:17+00:00,btc_mxn,1148989.98,1148990.02,0.0
2024-07-18 03:44:18+00:00,btc_mxn,1148989.98,1148990.02,0.0
2024-07-18 03:44:19+00:00,btc_mxn,1148989.98,1148990.02,0.0
2024-07-18 03:44:20+00:00,btc_mxn,1148989.98,1148990.02,0.0
2024-07-18 03:44:21+00:00,btc_mxn,1148989.98,1148990.02,0.0
2024-07-18 03:44:22+00:00,btc_mxn,1148989.98,1148990.02,0.0
2024-07-18 03:44:23+00:00,btc_mxn,1148989.98,1148990.02,0.0
2024-07-18 03:44:24+00:00,btc_mxn,1148989.98,1148990.02,0.0
2024-07-18 03:44:25+00:00,btc_mxn,1148989.98,1148990.02,0.0
2024-07-18 03:44:26+00:00,btc_mxn,1148989.98,1148990.02,0.0
2024-07-18 03:44:27+00:00,btc_mxn,1148989.98,1148990.02,0.0
2024-07-18 03:44:28+00:00,btc_mxn,1148989.98,1148990.02,0.0
2024-07-18 03:44:29+00:00,btc_mxn,1148989.98,1148990.02,0.0
2024-07-18 03:44:30+00:00,btc_mxn,1148989.98,1148990.02,0.0
2024-07-18 03:44:31+00:00,btc_mxn,1148989.98,1148990.02,0.0
2024-07-18 03:44:32+00:00,btc_mxn,1148989.98,1148990.02,0.0
2024-07-18 03:44:33+00:00,btc_mxn,1148989.98,1148990.02,0.0
2024-07-18 03:44:34+00:00,btc_mxn,1148989.98,1148990.02,0.0
2024-07-18 03:44:35+00:00,btc_mxn,1148989.98,1148990.02,0.0
2024-07-18 03:44:36+00:00,btc_mxn,1148989.98,1148990.02,0.0
2024-07-18 03:44:37+00:00,btc_mxn,1148989.98,1148990.02,0.0
2024-07-18 03:44:38+00:00,btc_mxn,1148989.98,1148990.02,0.0
2024-07-18 03:44:39+00:00,btc_mxn,1148989.98,1148990.02,0.0
2024-07-18 03:44:40+00:00,btc_mxn,1148989.98,1148990.02,0.0
2024-07-18 03:44:41+00:00,btc_mxn,1148989.98,1148990.02,0.0
2024-07-18 03:44:42+00:00,btc_mxn,1148989.98,1148990.02,0.0
2024-07-18 03:44:43+00:00,btc_mxn,1148989.98,1148990.02,0.0
2024-07-18 03:44:44+00:00,btc_mxn,1148989.98,1148990.02,0.0
2024-07-18 03:44:45+00:00,btc_mxn,1148989.98,1148990.02,0.0
2024-07-18 03:44:46+00:00,btc_mxn,1148989.98,1148990.02,0.0
2024-07-18 03:44:47+00:00,btc_mxn,1148989.98,1148990.02,0.0
2024-07-18 03:44:48+00:00,btc_mxn,1148989.98,1148990.02,0.0
2024-07-18 03:44:49+00:00,btc_mxn,1148989.98,1148990.02,0.0
2024-07-18 03:44:50+00:00,btc_mxn,1148989.98,1148990.02,0.0
2024-07-18 03:44:51+00:00,btc_mxn,1148989.98,1148990.02,0.0
2024-07-18 03:44:52+00:00,btc_mxn,1148989.98,1148990.02,0.0
2024-07-18 03:44:53+00:00,btc_mxn,1148989.98,1148990.02,0.0
2024-07-18 03:44:54+00:00,btc_mxn,1148989.98,1148990.02,0.0
2024-07-18 03:44:55+00:00,btc_mxn,1148989.98,1148990.02,0.0
2024-07-18 03:44:56+00:00,btc_mxn,1148989.98,1148990.02,0.0
2024-07-18 03:44:57+00:00,btc_mxn,1148989.98,1148990.02,0.0
2024-07-18 03:44:58+00:00,btc_mxn,1148989.98,1148990.02,0.0
2024-07-18 03:44:59+00:00,btc_mxn,1148989.98,1148990.02,0.0
2024-07-18 03:45:00+00:00,btc_mxn,1148989.98,1148990.02,0.0
2024-07-18 03:45:01+00:00,btc_mxn,1148989.98,1148990.02,0.0
2024-07-18 03:45:02+00:00,btc_mxn,1148989.98,1148990.02,0.0
2024-07-18 03:45:03+00:00,btc_mxn,1148989.98,1148990.02,0.0
2024-07-18 03:45:04+00:00,btc_mxn,1148989.98,1148990.02,0.0
2024-07-18 03:45:05+00:00,btc_mxn,1148989.98,1148990.02,0.0
2024-07-18 03:45:06+00:00,btc_mxn,1148989.98,1148990.02,0.0
2024-07-18 03:45:07+00:00,btc_mxn,1148989.98,1148990.02,0.0
2024-07-18 03:45:08+00:00,btc_mxn,1148989.98,1148990.02,0.0
2024-07-18 03:45:09+00:00,btc_mxn,1148989.98,1148990.02,0.0
2024-07-18 03:45:10+00:00,btc_mxn,1148989.98,1148990.02,0.0
2024-07-18 03:45:11+00:00,btc_mxn,1148989.98,1148990.02,0.0
2024-07-18 03:45:12+00:00,btc_mxn,1148989.98,1148990.02,0.0
2024-07-18 03:45:13+00:00,btc_mxn,1148989.98,1148990.02,0.0
2024-07-18 03:45:14+00:00,btc_mxn,1148989.98,1148990.02,0.0
2024-07-18 03:45:15+00:00,btc_mxn,1148989.98,1148990.02,0.0
2024-07-18 03:45:16+00:00,btc_mxn,1148989.98,1148990.02,0.0
2024-07-18 03:45:17+00:00,btc_mxn,1148989.98,1148990.02,0.0
2024-07-18 03:45:18+00:00,btc_mxn,1148989.98,1148990.02,0.0
2024-07-18 03:45:19+00:00,btc_mxn,1148989.98,1148990.02,0.0
2024-07-18 03:45:20+00:00,btc_mxn,1148989.98,1148990.02,0.0
2024-07-18 03:45:21+00:00,btc_mxn,1148989.98,1148990.02,0.0
2024-07-18 03:45:23+00:00,btc_mxn,1148989.98,1148990.02,0.0
2024-07-18 03:45:24+00:00,btc_mxn,1148989.98,1148990.02,0.0
2024-07-18 03:45:25+00:00,btc_mxn,1148989.98,1148990.02,0.0
2024-07-18 03:45:26+00:00,btc_mxn,1148989.98,1148990.02,0.0
2024-07-18 03:45:27+00:00,btc_mxn,1148989.98,1148990.02,0.0
2024-07-18 03:45:28+00:00,btc_mxn,1148989.98,1148990.02,0.0
2024-07-18 03:45:29+00:00,btc_mxn,1148989.98,1148990.02,0.0
2024-07-18 03:45:30+00:00,btc_mxn,1148989.98,1148990.02,0.0
2024-07-18 03:45:31+00:00,btc_mxn,1148989.98,1148990.02,0.0
2024-07-18 03:45:32+00:00,btc_mxn,1148989.98,1148990.02,0.0
2024-07-18 03:45:33+00:00,btc_mxn,1148989.98,1148990.02,0.0
2024-07-18 03:45:34+00:00,btc_mxn,1148989.98,1148990.02,0.0
2024-07-18 03:45:35+00:00,btc_mxn,1148989.98,1148990.02,0.0
2024-07-18 03:45:36+00:00,btc_mxn,1148989.98,1148990.02,0.0
2024-07-18 03:45:37+00:00,btc_mxn,1148989.98,1148990.02,0.0
2024-07-18 03:45:38+00:00,btc_mxn,1148989.98,1148990.02,0.0
2024-07-18 03:45:39+00:00,btc_mxn,1148989.98,1148990.02,0.0
2024-07-18 03:45:40+00:00,btc_mxn,1148989.98,1148990.02,0.0
2024-07-18 03:45:41+00:00,btc_mxn,1148989.98,1148990.02,0.0
2024-07-18 03:45:42+00:00,btc_mxn,1148989.98,1148990.02,0.0
2024-07-18 03:45:43+00:00,btc_mxn,1148989.98,1148990.02,0.0
2024-07-18 03:45:44+00:00,btc_mxn,1148989.98,1148990.02,0.0
2024-07-18 03:45:45+00:00,btc_mxn,1149989.98,1149990.02,0.0
2024-07-18 03:45:46+00:00,btc_mxn,1149989.98,1149990.02,0.0
2024-07-18 03:45:47+00:00,btc_mxn,1149989.98,1149990.02,0.0
2024-07-18 03:45:48+00:00,btc_mxn,1149989.98,1149990.02,0.0
2024-07-18 03:45:49+00:00,btc_mxn,1149989.98,1149990.02,0.0
2024-07-18 03:45:50+00:00,btc_mxn,1149989.98,1149990.02,0.0
2024-07-18 03:45:51+00:00,btc_mxn,1149989.98,1149990.02,0.0
2024-07-18 03:45:52+00:00,btc_mxn,1149989.98,1149990.02,0.0
2024-07-18 03:45:53+00:00,btc_mxn,1149989.98,1149990.02,0.0
2024-07-18 03:45:54+00:00,btc_mxn,1149989.98,1149990.02,0.0
2024-07-18 03:45:55+00:00,btc_mxn,1149989.98,1149990.02,0.0
2024-07-18 03:45:56+00:00,btc_mxn,1149989.98,1149990.02,0.0
2024-07-18 03:45:57+00:00,btc_mxn,1149989.98,1149990.02,0.0
2024-07-18 03:45:58+00:00,btc_mxn,1149989.98,1149990.02,0.0
2024-07-18 03:45:59+00:00,btc_mxn,1149989.98,1149990.02,0.0
2024-07-18 03:46:00+00:00,btc_mxn,1149989.98,1149990.02,0.0
2024-07-18 03:46:01+00:00,btc_mxn,1149989.98,1149990.02,0.0
2024-07-18 03:46:02+00:00,btc_mxn,1149989.98,1149990.02,0.0
2024-07-18 03:46:03+00:00,btc_mxn,1149989.98,1149990.02,0.0
2024-07-18 03:46:04+00:00,btc_mxn,1149989.98,1149990.02,0.0
2024-07-18 03:46:05+00:00,btc_mxn,1149989.98,1149990.02,0.0
2024-07-18 03:46:06+00:00,btc_mxn,1149989.98,1149990.02,0.0
2024-07-18 03:46:07+00:00,btc_mxn,1149989.98,1149990.02,0.0
2024-07-18 03:46:08+00:00,btc_mxn,1149989.98,1149990.02,0.0
2024-07-18 03:46:09+00:00,btc_mxn,1149989.98,1149990.02,0.0
2024-07-18 03:46:10+00:00,btc_mxn,1149989.98,1149990.02,0.0
2024-07-18 03:46:11+00:00,btc_mxn,1149989.98,1149990.02,0.0
2024-07-18 03:46:12+00:00,btc_mxn,1149989.98,1149990.02,0.0
2024-07-18 03:46:13+00:00,btc_mxn,1149989.98,1149990.02,0.0
2024-07-18 03:46:14+00:00,btc_mxn,1149989.98,1149990.02,0.0
2024-07-18 03:46:15+00:00,btc_mxn,1149989.98,1149990.02,0.0
2024-07-18 03:46:16+00:00,btc_mxn,1149989.98,1149990.02,0.0
2024-07-18 03:46:17+00:00,btc_mxn,1149989.98,1149990.02,0.0
2024-07-18 03:46:18+00:00,btc_mxn,1149989.98,1149990.02,0.0
2024-07-18 03:46:19+00:00,btc_mxn,1149989.98,1149990.02,0.0
2024-07-18 03:46:20+00:00,btc_mxn,1149989.98,1149990.02,0.0
2024-07-18 03:46:21+00:00,btc_mxn,1149989.98,1149990.02,0.0
2024-07-18 03:46:22+00:00,btc_mxn,1149989.98,1149990.02,0.0
2024-07-18 03:46:23+00:00,btc_mxn,1149989.98,1149990.02,0.0
2024-07-18 03:46:24+00:00,btc_mxn,1149989.98,1149990.02,0.0
2024-07-18 03:46:25+00:00,btc_mxn,1149989.98,1149990.02,0.0
2024-07-18 03:46:26+00:00,btc_mxn,1149989.98,1149990.02,0.0
2024-07-18 03:46:27+00:00,btc_mxn,1149989.98,1149990.02,0.0
2024-07-18 03:46:28+00:00,btc_mxn,1149989.98,1149990.02,0.0
2024-07-18 03:46:29+00:00,btc_mxn,1149989.98,1149990.02,0.0
2024-07-18 03:46:30+00:00,btc_mxn,1149989.98,1149990.02,0.0
2024-07-18 03:46:31+00:00,btc_mxn,1149989.98,1149990.02,0.0
2024-07-18 03:46:32+00:00,btc_mxn,1149989.98,1149990.02,0.0
2024-07-18 03:46:33+00:00,btc_mxn,1149989.98,1149990.02,0.0
2024-07-18 03:46:34+00:00,btc_mxn,1149989.98,1149990.02,0.0
2024-07-18 03:46:35+00:00,btc_mxn,1149989.98,1149990.02,0.0
2024-07-18 03:46:36+00:00,btc_mxn,1149989.98,1149990.02,0.0
2024-07-18 03:46:38+00:00,btc_mxn,1149989.98,1149990.02,0.0
2024-07-18 03:46:38+00:00,btc_mxn,1149989.98,1149990.02,0.0
2024-07-18 03:46:39+00:00,btc_mxn,1149989.98,1149990.02,0.0
2024-07-18 03:46:41+00:00,btc_mxn,1149989.98,1149990.02,0.0
2024-07-18 03:46:42+00:00,btc_mxn,1149989.98,1149990.02,0.0
2024-07-18 03:46:43+00:00,btc_mxn,1149989.98,1149990.02,0.0
2024-07-18 03:46:44+00:00,btc_mxn,1149989.98,1149990.02,0.0
2024-07-18 03:46:45+00:00,btc_mxn,1149989.98,1149990.02,0.0
2024-07-18 03:46:46+00:00,btc_mxn,1149989.98,1149990.02,0.0
2024-07-18 03:46:47+00:00,btc_mxn,1149989.98,1149990.02,0.0
2024-07-18 03:46:48+00:00,btc_mxn,1149989.98,1149990.02,0.0
2024-07-18 03:46:49+00:00,btc_mxn,1149989.98,1149990.02,0.0
2024-07-18 03:46:50+00:00,btc_mxn,1149989.98,1149990.02,0.0
2024-07-18 03:46:51+00:00,btc_mxn,1149989.98,1149990.02,0.0
2024-07-18 03:46:52+00:00,btc_mxn,1149989.98,1149990.02,0.0
2024-07-18 03:46:53+00:00,btc_mxn,1149989.98,1149990.02,0.0
2024-07-18 03:46:54+00:00,btc_mxn,1149989.98,1149990.02,0.0
2024-07-18 03:46:55+00:00,btc_mxn,1149989.98,1149990.02,0.0
2024-07-18 03:46:56+00:00,btc_mxn,1149989.98,1149990.02,0.0
2024-07-18 03:46:57+00:00,btc_mxn,1149989.98,1149990.02,0.0
2024-07-18 03:46:58+00:00,btc_mxn,1149989.98,1149990.02,0.0
2024-07-18 03:46:59+00:00,btc_mxn,1149989.98,1149990.02,0.0
2024-07-18 03:47:00+00:00,btc_mxn,1149989.98,1149990.02,0.0
2024-07-18 03:47:01+00:00,btc_mxn,1149989.98,1149990.02,0.0
2024-07-18 03:47:02+00:00,btc_mxn,1149989.98,1149990.02,0.0
2024-07-18 03:47:03+00:00,btc_mxn,1149989.98,1149990.02,0.0
2024-07-18 03:47:04+00:00,btc_mxn,1149989.98,1149990.02,0.0
2024-07-18 03:47:05+00:00,btc_mxn,1149989.98,1149990.02,0.0
2024-07-18 03:47:06+00:00,btc_mxn,1149989.98,1149990.02,0.0
2024-07-18 03:47:07+00:00,btc_mxn,1149989.98,1149990.02,0.0
2024-07-18 03:47:08+00:00,btc_mxn,1149989.98,1149990.02,0.0
2024-07-18 03:47:09+00:00,btc_mxn,1149989.98,1149990.02,0.0
2024-07-18 03:47:10+00:00,btc_mxn,1149989.98,1149990.02,0.0
2024-07-18 03:47:11+00:00,btc_mxn,1149989.98,1149990.02,0.0
2024-07-18 03:47:12+00:00,btc_mxn,1149989.98,1149990.02,0.0
2024-07-18 03:47:13+00:00,btc_mxn,1149989.98,1149990.02,0.0
2024-07-18 03:47:14+00:00,btc_mxn,1149989.98,1149990.02,0.0
2024-07-18 03:47:15+00:00,btc_mxn,1149989.98,1149990.02,0.0
2024-07-18 03:47:16+00:00,btc_mxn,1149989.98,1149990.02,0.0
2024-07-18 03:47:17+00:00,btc_mxn,1149989.98,1149990.02,0.0
2024-07-18 03:47:18+00:00,btc_mxn,1149989.98,1149990.02,0.0
2024-07-18 03:47:19+00:00,btc_mxn,1149989.98,1149990.02,0.0
2024-07-18 03:47:20+00:00,btc_mxn,1149989.98,1149990.02,0.0
2024-07-18 03:47:21+00:00,btc_mxn,1149989.98,1149990.02,0.0
2024-07-18 03:47:22+00:00,btc_mxn,1149989.98,1149990.02,0.0
2024-07-18 03:47:23+00:00,btc_mxn,1149989.98,1149990.02,0.0
2024-07-18 03:47:24+00:00,btc_mxn,1149989.98,1149990.02,0.0
2024-07-18 03:47:25+00:00,btc_mxn,1149989.98,1149990.02,0.0
2024-07-18 03:47:26+00:00,btc_mxn,1149989.98,1149990.02,0.0
2024-07-18 03:47:27+00:00,btc_mxn,1149989.98,1149990.02,0.0
2024-07-18 03:47:28+00:00,btc_mxn,1149989.98,1149990.02,0.0
2024-07-18 03:47:29+00:00,btc_mxn,1149989.98,1149990.02,0.0
2024-07-18 03:47:30+00:00,btc_mxn,1149989.98,1149990.02,0.0
2024-07-18 03:47:31+00:00,btc_mxn,1149989.98,1149990.02,0.0
2024-07-18 03:47:32+00:00,btc_mxn,1149989.98,1149990.02,0.0
2024-07-18 03:47:33+00:00,btc_mxn,1149989.98,1149990.02,0.0
2024-07-18 03:47:34+00:00,btc_mxn,1149989.98,1149990.02,0.0
2024-07-18 03:47:35+00:00,btc_mxn,1149989.98,1149990.02,0.0
2024-07-18 03:47:36+00:00,btc_mxn,1149989.98,1149990.02,0.0
2024-07-18 03:47:37+00:00,btc_mxn,1149989.98,1149990.02,0.0
2024-07-18 03:47:38+00:00,btc_mxn,1149989.98,1149990.02,0.0
2024-07-18 03:47:39+00:00,btc_mxn,1149989.98,1149990.02,0.0
2024-07-18 03:47:40+00:00,btc_mxn,1149989.98,1149990.02,0.0
2024-07-18 03:47:41+00:00,btc_mxn,1149989.98,1149990.02,0.0
2024-07-18 03:47:42+00:00,btc_mxn,1149989.98,1149990.02,0.0
2024-07-18 03:47:43+00:00,btc_mxn,1149989.98,1149990.02,0.0
2024-07-18 03:47:44+00:00,btc_mxn,1149989.98,1149990.02,0.0
2024-07-18 03:47:46+00:00,btc_mxn,1149989.98,1149990.02,0.0
2024-07-18 03:47:47+00:00,btc_mxn,1149989.98,1149990.02,0.0
2024-07-18 03:47:48+00:00,btc_mxn,1149989.98,1149990.02,0.0
2024-07-18 03:47:49+00:00,btc_mxn,1149989.98,1149990.02,0.0
2024-07-18 03:47:50+00:00,btc_mxn,1149989.98,1149990.02,0.0
2024-07-18 03:47:51+00:00,btc_mxn,1149989.98,1149990.02,0.0
2024-07-18 03:47:52+00:00,btc_mxn,1149989.98,1149990.02,0.0
2024-07-18 03:47:53+00:00,btc_mxn,1149989.98,1149990.02,0.0
2024-07-18 03:47:54+00:00,btc_mxn,1149989.98,1149990.02,0.0
2024-07-18 03:47:55+00:00,btc_mxn,1149989.98,1149990.02,0.0
2024-07-18 03:47:56+00:00,btc_mxn,1149989.98,1149990.02,0.0
2024-07-18 03:47:57+00:00,btc_mxn,1149989.98,1149990.02,0.0
2024-07-18 03:47:58+00:00,btc_mxn,1149989.98,1149990.02,0.0
2024-07-18 03:47:59+00:00,btc_mxn,1149989.98,1149990.02,0.0
2024-07-18 03:48:00+00:00,btc_mxn,1149989.98,1149990.02,0.0
2024-07-18 03:48:01+00:00,btc_mxn,1149989.98,1149990.02,0.0
2024-07-18 03:48:02+00:00,btc_mxn,1149989.98,1149990.02,0.0
2024-07-18 03:48:03+00:00,btc_mxn,1149989.98,1149990.02,0.0
2024-07-18 03:48:04+00:00,btc_mxn,1149989.98,1149990.02,0.0
2024-07-18 03:48:05+00:00,btc_mxn,1149989.98,1149990.02,0.0
2024-07-18 03:48:06+00:00,btc_mxn,1149989.98,1149990.02,0.0
2024-07-18 03:48:07+00:00,btc_mxn,1149989.98,1149990.02,0.0
2024-07-18 03:48:08+00:00,btc_mxn,1149989.98,1149990.02,0.0
2024-07-18 03:48:09+00:00,btc_mxn,1149989.98,1149990.02,0.0
2024-07-18 03:48:10+00:00,btc_mxn,1149989.98,1149990.02,0.0
2024-07-18 03:48:11+00:00,btc_mxn,1149989.98,1149990.02,0.0
2024-07-18 03:48:12+00:00,btc_mxn,1149989.98,1149990.02,0.0
2024-07-18 03:48:13+00:00,btc_mxn,1149989.98,1149990.02,0.0
2024-07-18 03:48:14+00:00,btc_mxn,1149989.98,1149990.02,0.0
2024-07-18 03:48:15+00:00,btc_mxn,1149989.98,1149990.02,0.0
2024-07-18 03:48:16+00:00,btc_mxn,1149989.98,1149990.02,0.0
2024-07-18 03:48:17+00:00,btc_mxn,1149989.98,1149990.02,0.0
2024-07-18 03:48:18+00:00,btc_mxn,1149989.98,1149990.02,0.0
2024-07-18 03:48:19+00:00,btc_mxn,1149989.98,1149990.02,0.0
2024-07-18 03:48:20+00:00,btc_mxn,1149989.98,1149990.02,0.0
2024-07-18 03:48:21+00:00,btc_mxn,1149989.98,1149990.02,0.0
2024-07-18 03:48:22+00:00,btc_mxn,1149989.98,1149990.02,0.0
2024-07-18 03:48:23+00:00,btc_mxn,1149989.98,1149990.02,0.0
2024-07-18 03:48:24+00:00,btc_mxn,1149989.98,1149990.02,0.0
2024-07-18 03:48:25+00:00,btc_mxn,1149989.98,1149990.02,0.0
2024-07-18 03:48:26+00:00,btc_mxn,1149989.98,1149990.02,0.0
2024-07-18 03:48:27+00:00,btc_mxn,1149989.98,1149990.02,0.0
2024-07-18 03:48:28+00:00,btc_mxn,1149989.98,1149990.02,0.0
2024-07-18 03:48:29+00:00,btc_mxn,1149989.98,1149990.02,0.0
2024-07-18 03:48:30+00:00,btc_mxn,1149989.98,1149990.02,0.0
2024-07-18 03:48:31+00:00,btc_mxn,1149989.98,1149990.02,0.0
2024-07-18 03:48:32+00:00,btc_mxn,1149989.98,1149990.02,0.0
2024-07-18 03:48:33+00:00,btc_mxn,1149989.98,1149990.02,0.0
2024-07-18 03:48:34+00:00,btc_mxn,1149989.98,1149990.02,0.0
2024-07-18 03:48:35+00:00,btc_mxn,1149989.98,1149990.02,0.0
2024-07-18 03:48:36+00:00,btc_mxn,1149989.98,1149990.02,0.0
2024-07-18 03:48:37+00:00,btc_mxn,1149989.98,1149990.02,0.0
2024-07-18 03:48:38+00:00,btc_mxn,1149989.98,1149990.02,0.0
2024-07-18 03:48:39+00:00,btc_mxn,1149989.98,1149990.02,0.0
2024-07-18 03:48:40+00:00,btc_mxn,1149989.98,1149990.02,0.0
2024-07-18 03:48:41+00:00,btc_mxn,1149989.98,1149990.02,0.0
2024-07-18 03:48:42+00:00,btc_mxn,1149989.98,1149990.02,0.0
2024-07-18 03:48:43+00:00,btc_mxn,1149989.98,1149990.02,0.0
2024-07-18 03:48:44+00:00,btc_mxn,1149989.98,1149990.02,0.0
2024-07-18 03:48:45+00:00,btc_mxn,1149989.98,1149990.02,0.0
2024-07-18 03:48:46+00:00,btc_mxn,1149989.98,1149990.02,0.0
2024-07-18 03:48:47+00:00,btc_mxn,1149989.98,1149990.02,0.0
2024-07-18 03:48:48+00:00,btc_mxn,1149989.98,1149990.02,0.0
2024-07-18 03:48:49+00:00,btc_mxn,1149989.98,1149990.02,0.0
2024-07-18 03:48:50+00:00,btc_mxn,1149989.98,1149990.02,0.0
2024-07-18 03:48:51+00:00,btc_mxn,1149989.98,1149990.02,0.0
2024-07-18 03:48:52+00:00,btc_mxn,1149989.98,1149990.02,0.0
2024-07-18 03:48:53+00:00,btc_mxn,1149989.98,1149990.02,0.0
2024-07-18 03:48:54+00:00,btc_mxn,1149989.98,1149990.02,0.0
2024-07-18 03:48:55+00:00,btc_mxn,1149989.98,1149990.02,0.0
2024-07-18 03:48:56+00:00,btc_mxn,1149989.98,1149990.02,0.0
2024-07-18 03:48:57+00:00,btc_mxn,1149989.98,1149990.02,0.0
2024-07-18 03:48:58+00:00,btc_mxn,1149989.98,1149990.02,0.0
2024-07-18 03:48:59+00:00,btc_mxn,1149989.98,1149990.02,0.0
2024-07-18 03:49:01+00:00,btc_mxn,1149989.98,1149990.02,0.0
2024-07-18 03:49:02+00:00,btc_mxn,1149989.98,1149990.02,0.0
2024-07-18 03:49:03+00:00,btc_mxn,1149989.98,1149990.02,0.0
2024-07-18 03:49:04+00:00,btc_mxn,1149989.98,1149990.02,0.0
2024-07-18 03:49:05+00:00,btc_mxn,1149989.98,1149990.02,0.0
2024-07-18 03:49:06+00:00,btc_mxn,1149989.98,1149990.02,0.0
2024-07-18 03:49:07+00:00,btc_mxn,1149989.98,1149990.02,0.0
2024-07-18 03:49:08+00:00,btc_mxn,1149989.98,1149990.02,0.0
2024-07-18 03:49:09+00:00,btc_mxn,1149989.98,1149990.02,0.0
2024-07-18 03:49:10+00:00,btc_mxn,1149989.98,1149990.02,0.0
2024-07-18 03:49:11+00:00,btc_mxn,1149989.98,1149990.02,0.0
2024-07-18 03:49:12+00:00,btc_mxn,1149989.98,1149990.02,0.0
2024-07-18 03:49:13+00:00,btc_mxn,1149989.98,1149990.02,0.0
2024-07-18 03:49:14+00:00,btc_mxn,1149989.98,1149990.02,0.0
2024-07-18 03:49:15+00:00,btc_mxn,1149989.98,1149990.02,0.0
2024-07-18 03:49:16+00:00,btc_mxn,1149989.98,1149990.02,0.0
2024-07-18 03:49:17+00:00,btc_mxn,1149989.98,1149990.02,0.0
2024-07-18 03:49:18+00:00,btc_mxn,1149989.98,1149990.02,0.0
2024-07-18 03:49:19+00:00,btc_mxn,1149989.98,1149990.02,0.0
2024-07-18 03:49:20+00:00,btc_mxn,1149989.98,1149990.02,0.0
2024-07-18 03:49:21+00:00,btc_mxn,1149989.98,1149990.02,0.0
2024-07-18 03:49:22+00:00,btc_mxn,1149989.98,1149990.02,0.0
2024-07-18 03:49:23+00:00,btc_mxn,1149989.98,1149990.02,0.0
2024-07-18 03:49:24+00:00,btc_mxn,1149989.98,1149990.02,0.0
2024-07-18 03:49:25+00:00,btc_mxn,1149989.98,1149990.02,0.0
2024-07-18 03:49:26+00:00,btc_mxn,1149989.98,1149990.02,0.0
2024-07-18 03:49:27+00:00,btc_mxn,1149989.98,1149990.02,0.0
2024-07-18 03:49:28+00:00,btc_mxn,1149989.98,1149990.02,0.0
2024-07-18 03:49:29+00:00,btc_mxn,1149989.98,1149990.02,0.0
2024-07-18 03:49:30+00:00,btc_mxn,1149989.98,1149990.02,0.0
2024-07-18 03:49:31+00:00,btc_mxn,1149989.98,1149990.02,0.0
2024-07-18 03:49:32+00:00,btc_mxn,1149989.98,1149990.02,0.0
2024-07-18 03:49:33+00:00,btc_mxn,1149989.98,1149990.02,0.0
2024-07-18 03:49:34+00:00,btc_mxn,1149989.98,1149990.02,0.0
2024-07-18 03:49:35+00:00,btc_mxn,1149989.98,1149990.02,0.0
2024-07-18 03:49:36+00:00,btc_mxn,1149989.98,1149990.02,0.0
2024-07-18 03:49:37+00:00,btc_mxn,1149989.98,1149990.02,0.0
2024-07-18 03:49:38+00:00,btc_mxn,1149989.98,1149990.02,0.0
2024-07-18 03:49:39+00:00,btc_mxn,1149989.98,1149990.02,0.0
2024-07-18 03:49:40+00:00,btc_mxn,1149989.98,1149990.02,0.0
2024-07-18 03:49:41+00:00,btc_mxn,1149989.98,1149990.02,0.0
2024-07-18 03:49:42+00:00,btc_mxn,1149989.98,1149990.02,0.0
2024-07-18 03:49:43+00:00,btc_mxn,1149989.98,1149990.02,0.0
2024-07-18 03:49:44+00:00,btc_mxn,1149989.98,1149990.02,0.0
2024-07-18 03:49:45+00:00,btc_mxn,1149989.98,1149990.02,0.0
2024-07-18 03:49:46+00:00,btc_mxn,1149989.98,1149990.02,0.0
2024-07-18 03:49:47+00:00,btc_mxn,1149989.98,1149990.02,0.0
2024-07-18 03:49:48+00:00,btc_mxn,1149989.98,1149990.02,0.0
2024-07-18 03:49:49+00:00,btc_mxn,1149989.98,1149990.02,0.0
2024-07-18 03:49:50+00:00,btc_mxn,1149989.98,1149990.02,0.0
2024-07-18 03:49:51+00:00,btc_mxn,1149989.98,1149990.02,0.0
2024-07-18 03:49:52+00:00,btc_mxn,1149989.98,1149990.02,0.0
2024-07-18 03:49:53+00:00,btc_mxn,1149989.98,1149990.02,0.0
2024-07-18 03:49:54+00:00,btc_mxn,1149989.98,1149990.02,0.0
2024-07-18 03:49:55+00:00,btc_mxn,1149989.98,1149990.02,0.0
2024-07-18 03:49:56+00:00,btc_mxn,1149989.98,1149990.02,0.0
2024-07-18 03:49:57+00:00,btc_mxn,1149989.98,1149990.02,0.0
2024-07-18 03:49:58+00:00,btc_mxn,1149989.98,1149990.02,0.0
2024-07-18 03:49:59+00:00,btc_mxn,1149989.98,1149990.02,0.0
2024-07-18 03:50:00+00:00,btc_mxn,1149989.98,1149990.02,0.0
2024-07-18 03:50:01+00:00,btc_mxn,1149989.98,1149990.02,0.0
2024-07-18 03:50:02+00:00,btc_mxn,1149989.98,1149990.02,0.0
2024-07-18 03:50:04+00:00,btc_mxn,1149989.98,1149990.02,0.0
2024-07-18 03:50:05+00:00,btc_mxn,1149989.98,1149990.02,0.0
2024-07-18 03:50:05+00:00,btc_mxn,1149989.98,1149990.02,0.0
2024-07-18 03:50:07+00:00,btc_mxn,1149989.98,1149990.02,0.0
2024-07-18 03:50:08+00:00,btc_mxn,1149989.98,1149990.02,0.0
2024-07-18 03:50:09+00:00,btc_mxn,1149989.98,1149990.02,0.0
2024-07-18 03:50:10+00:00,btc_mxn,1149989.98,1149990.02,0.0
2024-07-18 03:50:11+00:00,btc_mxn,1149989.98,1149990.02,0.0
