orderbook_timestamp,book,bid,ask,spread
2024-07-17 21:21:58+00:00,btc_mxn,1133359.98,1133360.02,0.0
2024-07-17 21:21:59+00:00,btc_mxn,1133359.98,1133360.02,0.0
2024-07-17 21:22:00+00:00,btc_mxn,1133359.98,1133360.02,0.0
2024-07-17 21:22:01+00:00,btc_mxn,1133359.98,1133360.02,0.0
2024-07-17 21:22:02+00:00,btc_mxn,1133359.98,1133360.02,0.0
2024-07-17 21:22:03+00:00,btc_mxn,1133359.98,1133360.02,0.0
2024-07-17 21:22:04+00:00,btc_mxn,1133359.98,1133360.02,0.0
2024-07-17 21:22:05+00:00,btc_mxn,1133359.98,1133360.02,0.0
2024-07-17 21:22:06+00:00,btc_mxn,1133359.98,1133360.02,0.0
2024-07-17 21:22:07+00:00,btc_mxn,1133359.98,1133360.02,0.0
2024-07-17 21:22:08+00:00,btc_mxn,1133359.98,1133360.02,0.0
2024-07-17 21:22:09+00:00,btc_mxn,1133359.98,1133360.02,0.0
2024-07-17 21:22:10+00:00,btc_mxn,1133359.98,1133360.02,0.0
2024-07-17 21:22:11+00:00,btc_mxn,1133359.98,1133360.02,0.0
2024-07-17 21:22:12+00:00,btc_mxn,1133359.98,1133360.02,0.0
2024-07-17 21:22:13+00:00,btc_mxn,1133359.98,1133360.02,0.0
2024-07-17 21:22:14+00:00,btc_mxn,1133359.98,1133360.02,0.0
2024-07-17 21:22:15+00:00,btc_mxn,1133359.98,1133360.02,0.0
2024-07-17 21:22:16+00:00,btc_mxn,1133359.98,1133360.02,0.0
2024-07-17 21:22:17+00:00,btc_mxn,1133359.98,1133360.02,0.0
2024-07-17 21:22:19+00:00,btc_mxn,1133359.98,1133360.02,0.0
2024-07-17 21:22:21+00:00,btc_mxn,1133359.98,1133360.02,0.0
2024-07-17 21:22:22+00:00,btc_mxn,1133359.98,1133360.02,0.0
2024-07-17 21:22:23+00:00,btc_mxn,1133359.98,1133360.02,0.0
2024-07-17 21:22:24+00:00,btc_mxn,1133359.98,1133360.02,0.0
2024-07-17 21:22:25+00:00,btc_mxn,1133359.98,1133360.02,0.0
2024-07-17 21:22:26+00:00,btc_mxn,1133359.98,1133360.02,0.0
2024-07-17 21:22:27+00:00,btc_mxn,1133359.98,1133360.02,0.0
2024-07-17 21:22:28+00:00,btc_mxn,1133359.98,1133360.02,0.0
2024-07-17 21:22:29+00:00,btc_mxn,1133359.98,1133360.02,0.0
2024-07-17 21:22:30+00:00,btc_mxn,1133359.98,1133360.02,0.0
2024-07-17 21:22:31+00:00,btc_mxn,1133359.98,1133360.02,0.0
2024-07-17 21:22:32+00:00,btc_mxn,1133359.98,1133360.02,0.0
2024-07-17 21:22:33+00:00,btc_mxn,1133359.98,1133360.02,0.0
2024-07-17 21:22:34+00:00,btc_mxn,1133359.98,1133360.02,0.0
2024-07-17 21:22:35+00:00,btc_mxn,1133359.98,1133360.02,0.0
2024-07-17 21:22:36+00:00,btc_mxn,1133359.98,1133360.02,0.0
2024-07-17 21:22:37+00:00,btc_mxn,1133359.98,1133360.02,0.0
2024-07-17 21:22:38+00:00,btc_mxn,1133359.98,1133360.02,0.0
2024-07-17 21:22:39+00:00,btc_mxn,1133359.98,1133360.02,0.0
2024-07-17 21:22:40+00:00,btc_mxn,1133359.98,1133360.02,0.0
2024-07-17 21:22:41+00:00,btc_mxn,1133359.98,1133360.02,0.0
2024-07-17 21:22:42+00:00,btc_mxn,1133359.98,1133360.02,0.0
2024-07-17 21:22:43+00:00,btc_mxn,1133359.98,1133360.02,0.0
2024-07-17 21:22:44+00:00,btc_mxn,1133359.98,1133360.02,0.0
2024-07-17 21:22:45+00:00,btc_mxn,1133359.98,1133360.02,0.0
2024-07-17 21:22:46+00:00,btc_mxn,1133359.98,1133360.02,0.0
2024-07-17 21:22:47+00:00,btc_mxn,1133359.98,1133360.02,0.0
2024-07-17 21:22:48+00:00,btc_mxn,1133359.98,1133360.02,0.0
2024-07-17 21:22:49+00:00,btc_mxn,1133359.98,1133360.02,0.0
2024-07-17 21:22:50+00:00,btc_mxn,1133359.98,1133360.02,0.0
2024-07-17 21:22:51+00:00,btc_mxn,1133359.98,1133360.02,0.0
2024-07-17 21:22:52+00:00,btc_mxn,1133359.98,1133360.02,0.0
2024-07-17 21:22:53+00:00,btc_mxn,1133359.98,1133360.02,0.0
2024-07-17 21:22:54+00:00,btc_mxn,1133359.98,1133360.02,0.0
2024-07-17 21:22:55+00:00,btc_mxn,1133359.98,1133360.02,0.0
2024-07-17 21:22:56+00:00,btc_mxn,1133359.98,1133360.02,0.0
2024-07-17 21:22:57+00:00,btc_mxn,1133359.98,1133360.02,0.0
2024-07-17 21:22:58+00:00,btc_mxn,1133359.98,1133360.02,0.0
2024-07-17 21:22:59+00:00,btc_mxn,1133359.98,1133360.02,0.0
2024-07-17 21:23:00+00:00,btc_mxn,1133359.98,1133360.02,0.0
2024-07-17 21:23:01+00:00,btc_mxn,1133359.98,1133360.02,0.0
2024-07-17 21:23:02+00:00,btc_mxn,1133359.98,1133360.02,0.0
2024-07-17 21:23:03+00:00,btc_mxn,1133359.98,1133360.02,0.0
2024-07-17 21:23:04+00:00,btc_mxn,1133359.98,1133360.02,0.0
2024-07-17 21:23:05+00:00,btc_mxn,1133359.98,1133360.02,0.0
2024-07-17 21:23:06+00:00,btc_mxn,1133359.98,1133360.02,0.0
2024-07-17 21:23:07+00:00,btc_mxn,1133359.98,1133360.02,0.0
2024-07-17 21:23:08+00:00,btc_mxn,1133359.98,1133360.02,0.0
2024-07-17 21:23:09+00:00,btc_mxn,1133359.98,1133360.02,0.0
2024-07-17 21:23:10+00:00,btc_mxn,1133359.98,1133360.02,0.0
2024-07-17 21:23:12+00:00,btc_mxn,1133359.98,1133360.02,0.0
2024-07-17 21:23:13+00:00,btc_mxn,1133359.98,1133360.02,0.0
2024-07-17 21:23:14+00:00,btc_mxn,1133359.98,1133360.02,0.0
2024-07-17 21:23:15+00:00,btc_mxn,1133359.98,1133360.02,0.0
2024-07-17 21:23:16+00:00,btc_mxn,1133359.98,1133360.02,0.0
2024-07-17 21:23:17+00:00,btc_mxn,1133359.98,1133360.02,0.0
2024-07-17 21:23:18+00:00,btc_mxn,1133359.98,1133360.02,0.0
2024-07-17 21:23:19+00:00,btc_mxn,1133359.98,1133360.02,0.0
2024-07-17 21:23:20+00:00,btc_mxn,1133359.98,1133360.02,0.0
2024-07-17 21:23:21+00:00,btc_mxn,1133359.98,1133360.02,0.0
2024-07-17 21:23:22+00:00,btc_mxn,1133359.98,1133360.02,0.0
2024-07-17 21:23:23+00:00,btc_mxn,1133359.98,1133360.02,0.0
2024-07-17 21:23:24+00:00,btc_mxn,1133359.98,1133360.02,0.0
2024-07-17 21:23:25+00:00,btc_mxn,1133359.98,1133360.02,0.0
2024-07-17 21:23:26+00:00,btc_mxn,1133359.98,1133360.02,0.0
2024-07-17 21:23:27+00:00,btc_mxn,1133359.98,1133360.02,0.0
2024-07-17 21:23:29+00:00,btc_mxn,1133359.98,1133360.02,0.0
2024-07-17 21:23:29+00:00,btc_mxn,1133359.98,1133360.02,0.0
2024-07-17 21:23:30+00:00,btc_mxn,1133359.98,1133360.02,0.0
2024-07-17 21:23:31+00:00,btc_mxn,1133359.98,1133360.02,0.0
2024-07-17 21:23:33+00:00,btc_mxn,1133359.98,1133360.02,0.0
2024-07-17 21:23:34+00:00,btc_mxn,1133359.98,1133360.02,0.0
2024-07-17 21:23:35+00:00,btc_mxn,1133359.98,1133360.02,0.0
2024-07-17 21:23:36+00:00,btc_mxn,1133359.98,1133360.02,0.0
2024-07-17 21:23:38+00:00,btc_mxn,1133359.98,1133360.02,0.0
2024-07-17 21:23:39+00:00,btc_mxn,1133359.98,1133360.02,0.0
2024-07-17 21:23:40+00:00,btc_mxn,1133359.98,1133360.02,0.0
2024-07-17 21:23:41+00:00,btc_mxn,1133359.98,1133360.02,0.0
2024-07-17 21:23:42+00:00,btc_mxn,1133359.98,1133360.02,0.0
2024-07-17 21:23:43+00:00,btc_mxn,1133359.98,1133360.02,0.0
2024-07-17 21:23:44+00:00,btc_mxn,1133359.98,1133360.02,0.0
2024-07-17 21:23:45+00:00,btc_mxn,1133359.98,1133360.02,0.0
2024-07-17 21:23:46+00:00,btc_mxn,1133359.98,1133360.02,0.0
2024-07-17 21:23:47+00:00,btc_mxn,1133359.98,1133360.02,0.0
2024-07-17 21:23:48+00:00,btc_mxn,1133359.98,1133360.02,0.0
2024-07-17 21:23:50+00:00,btc_mxn,1133359.98,1133360.02,0.0
2024-07-17 21:23:51+00:00,btc_mxn,1133359.98,1133360.02,0.0
2024-07-17 21:23:52+00:00,btc_mxn,1133359.98,1133360.02,0.0
2024-07-17 21:23:52+00:00,btc_mxn,1133359.98,1133360.02,0.0
2024-07-17 21:23:54+00:00,btc_mxn,1133359.98,1133360.02,0.0
2024-07-17 21:23:55+00:00,btc_mxn,1133359.98,1133360.02,0.0
2024-07-17 21:23:57+00:00,btc_mxn,1133359.98,1133360.02,0.0
2024-07-17 21:23:58+00:00,btc_mxn,1133359.98,1133360.02,0.0
2024-07-17 21:23:59+00:00,btc_mxn,1133359.98,1133360.02,0.0
2024-07-17 21:24:00+00:00,btc_mxn,1133359.98,1133360.02,0.0
2024-07-17 21:24:01+00:00,btc_mxn,1133359.98,1133360.02,0.0
2024-07-17 21:24:02+00:00,btc_mxn,1133359.98,1133360.02,0.0
2024-07-17 21:24:03+00:00,btc_mxn,1133359.98,1133360.02,0.0
2024-07-17 21:24:04+00:00,btc_mxn,1133359.98,1133360.02,0.0
2024-07-17 21:24:05+00:00,btc_mxn,1133359.98,1133360.02,0.0
2024-07-17 21:24:06+00:00,btc_mxn,1133359.98,1133360.02,0.0
2024-07-17 21:24:07+00:00,btc_mxn,1133359.98,1133360.02,0.0
2024-07-17 21:24:08+00:00,btc_mxn,1133359.98,1133360.02,0.0
2024-07-17 21:24:10+00:00,btc_mxn,1133359.98,1133360.02,0.0
2024-07-17 21:24:11+00:00,btc_mxn,1133359.98,1133360.02,0.0
2024-07-17 21:24:12+00:00,btc_mxn,1133359.98,1133360.02,0.0
2024-07-17 21:24:13+00:00,btc_mxn,1133359.98,1133360.02,0.0
2024-07-17 21:24:14+00:00,btc_mxn,1133359.98,1133360.02,0.0
2024-07-17 21:24:15+00:00,btc_mxn,1133359.98,1133360.02,0.0
2024-07-17 21:24:16+00:00,btc_mxn,1133359.98,1133360.02,0.0
2024-07-17 21:24:17+00:00,btc_mxn,1133359.98,1133360.02,0.0
2024-07-17 21:24:18+00:00,btc_mxn,1133359.98,1133360.02,0.0
2024-07-17 21:24:19+00:00,btc_mxn,1133359.98,1133360.02,0.0
2024-07-17 21:24:20+00:00,btc_mxn,1133359.98,1133360.02,0.0
2024-07-17 21:24:21+00:00,btc_mxn,1133359.98,1133360.02,0.0
2024-07-17 21:24:22+00:00,btc_mxn,1133359.98,1133360.02,0.0
2024-07-17 21:24:23+00:00,btc_mxn,1133359.98,1133360.02,0.0
2024-07-17 21:24:24+00:00,btc_mxn,1133359.98,1133360.02,0.0
2024-07-17 21:24:25+00:00,btc_mxn,1133359.98,1133360.02,0.0
2024-07-17 21:24:26+00:00,btc_mxn,1133359.98,1133360.02,0.0
2024-07-17 21:24:27+00:00,btc_mxn,1133359.98,1133360.02,0.0
2024-07-17 21:24:28+00:00,btc_mxn,1133359.98,1133360.02,0.0
2024-07-17 21:24:29+00:00,btc_mxn,1133359.98,1133360.02,0.0
2024-07-17 21:24:30+00:00,btc_mxn,1133359.98,1133360.02,0.0
2024-07-17 21:24:31+00:00,btc_mxn,1133359.98,1133360.02,0.0
2024-07-17 21:24:32+00:00,btc_mxn,1133359.98,1133360.02,0.0
2024-07-17 21:24:33+00:00,btc_mxn,1133359.98,1133360.02,0.0
2024-07-17 21:24:34+00:00,btc_mxn,1133359.98,1133360.02,0.0
2024-07-17 21:24:35+00:00,btc_mxn,1133359.98,1133360.02,0.0
2024-07-17 21:24:36+00:00,btc_mxn,1133359.98,1133360.02,0.0
2024-07-17 21:24:37+00:00,btc_mxn,1133359.98,1133360.02,0.0
2024-07-17 21:24:38+00:00,btc_mxn,1133359.98,1133360.02,0.0
2024-07-17 21:24:39+00:00,btc_mxn,1133359.98,1133360.02,0.0
2024-07-17 21:24:40+00:00,btc_mxn,1133359.98,1133360.02,0.0
2024-07-17 21:24:41+00:00,btc_mxn,1133359.98,1133360.02,0.0
2024-07-17 21:24:42+00:00,btc_mxn,1133359.98,1133360.02,0.0
2024-07-17 21:24:43+00:00,btc_mxn,1133359.98,1133360.02,0.0
2024-07-17 21:24:44+00:00,btc_mxn,1133359.98,1133360.02,0.0
2024-07-17 21:24:46+00:00,btc_mxn,1133359.98,1133360.02,0.0
2024-07-17 21:24:47+00:00,btc_mxn,1133359.98,1133360.02,0.0
2024-07-17 21:24:48+00:00,btc_mxn,1133359.98,1133360.02,0.0
2024-07-17 21:24:49+00:00,btc_mxn,1133359.98,1133360.02,0.0
2024-07-17 21:24:50+00:00,btc_mxn,1133359.98,1133360.02,0.0
2024-07-17 21:24:51+00:00,btc_mxn,1133359.98,1133360.02,0.0
2024-07-17 21:24:52+00:00,btc_mxn,1133359.98,1133360.02,0.0
2024-07-17 21:24:53+00:00,btc_mxn,1133359.98,1133360.02,0.0
2024-07-17 21:24:54+00:00,btc_mxn,1133359.98,1133360.02,0.0
2024-07-17 21:24:55+00:00,btc_mxn,1133359.98,1133360.02,0.0
2024-07-17 21:24:56+00:00,btc_mxn,1133359.98,1133360.02,0.0
2024-07-17 21:24:57+00:00,btc_mxn,1133359.98,1133360.02,0.0
2024-07-17 21:24:58+00:00,btc_mxn,1133359.98,1133360.02,0.0
2024-07-17 21:24:59+00:00,btc_mxn,1133359.98,1133360.02,0.0
2024-07-17 21:25:00+00:00,btc_mxn,1133359.98,1133360.02,0.0
2024-07-17 21:25:01+00:00,btc_mxn,1133620.0,1136030.0,0.212
2024-07-17 21:25:02+00:00,btc_mxn,1133620.0,1136030.0,0.212
2024-07-17 21:25:03+00:00,btc_mxn,1133620.0,1136030.0,0.212
2024-07-17 21:25:04+00:00,btc_mxn,1133620.0,1136030.0,0.212
2024-07-17 21:25:05+00:00,btc_mxn,1133620.0,1136030.0,0.212
2024-07-17 21:25:06+00:00,btc_mxn,1133620.0,1136030.0,0.212
2024-07-17 21:25:07+00:00,btc_mxn,1133620.0,1136030.0,0.212
2024-07-17 21:25:08+00:00,btc_mxn,1133620.0,1136030.0,0.212
2024-07-17 21:25:09+00:00,btc_mxn,1133620.0,1136030.0,0.212
2024-07-17 21:25:10+00:00,btc_mxn,1133620.0,1136030.0,0.212
2024-07-17 21:25:11+00:00,btc_mxn,1133620.0,1136030.0,0.212
2024-07-17 21:25:12+00:00,btc_mxn,1133620.0,1136030.0,0.212
2024-07-17 21:25:13+00:00,btc_mxn,1133620.0,1136030.0,0.212
2024-07-17 21:25:14+00:00,btc_mxn,1133620.0,1136030.0,0.212
2024-07-17 21:25:15+00:00,btc_mxn,1133620.0,1136030.0,0.212
2024-07-17 21:25:16+00:00,btc_mxn,1133620.0,1136030.0,0.212
2024-07-17 21:25:17+00:00,btc_mxn,1133620.0,1136030.0,0.212
2024-07-17 21:25:18+00:00,btc_mxn,1133620.0,1136030.0,0.212
2024-07-17 21:25:19+00:00,btc_mxn,1133620.0,1136030.0,0.212
2024-07-17 21:25:20+00:00,btc_mxn,1133620.0,1136030.0,0.212
2024-07-17 21:25:21+00:00,btc_mxn,1133620.0,1136030.0,0.212
2024-07-17 21:25:22+00:00,btc_mxn,1133620.0,1136030.0,0.212
2024-07-17 21:25:23+00:00,btc_mxn,1133620.0,1136030.0,0.212
2024-07-17 21:25:24+00:00,btc_mxn,1133620.0,1136030.0,0.212
2024-07-17 21:25:25+00:00,btc_mxn,1133620.0,1136030.0,0.212
2024-07-17 21:25:26+00:00,btc_mxn,1133620.0,1136030.0,0.212
2024-07-17 21:25:27+00:00,btc_mxn,1133620.0,1136030.0,0.212
2024-07-17 21:25:28+00:00,btc_mxn,1133620.0,1136030.0,0.212
2024-07-17 21:25:29+00:00,btc_mxn,1133620.0,1136030.0,0.212
2024-07-17 21:25:30+00:00,btc_mxn,1133620.0,1136030.0,0.212
2024-07-17 21:25:31+00:00,btc_mxn,1133620.0,1136030.0,0.212
2024-07-17 21:25:32+00:00,btc_mxn,1133620.0,1136030.0,0.212
2024-07-17 21:25:34+00:00,btc_mxn,1133620.0,1136030.0,0.212
2024-07-17 21:25:35+00:00,btc_mxn,1133620.0,1136030.0,0.212
2024-07-17 21:25:36+00:00,btc_mxn,1133620.0,1136030.0,0.212
2024-07-17 21:25:37+00:00,btc_mxn,1133620.0,1136030.0,0.212
2024-07-17 21:25:38+00:00,btc_mxn,1133620.0,1136030.0,0.212
2024-07-17 21:25:39+00:00,btc_mxn,1133620.0,1136030.0,0.212
2024-07-17 21:25:40+00:00,btc_mxn,1133620.0,1135450.0,0.161
2024-07-17 21:25:41+00:00,btc_mxn,1133620.0,1135450.0,0.161
2024-07-17 21:25:42+00:00,btc_mxn,1133620.0,1135450.0,0.161
2024-07-17 21:25:43+00:00,btc_mxn,1133620.0,1135450.0,0.161
2024-07-17 21:25:44+00:00,btc_mxn,1133620.0,1135450.0,0.161
2024-07-17 21:25:45+00:00,btc_mxn,1133739.98,1133740.02,0.0
2024-07-17 21:25:46+00:00,btc_mxn,1133739.98,1133740.02,0.0
2024-07-17 21:25:47+00:00,btc_mxn,1133739.98,1133740.02,0.0
2024-07-17 21:25:48+00:00,btc_mxn,1133739.98,1133740.02,0.0
2024-07-17 21:25:49+00:00,btc_mxn,1133739.98,1133740.02,0.0
2024-07-17 21:25:50+00:00,btc_mxn,1133739.98,1133740.02,0.0
2024-07-17 21:25:51+00:00,btc_mxn,1133739.98,1133740.02,0.0
2024-07-17 21:25:52+00:00,btc_mxn,1133739.98,1133740.02,0.0
2024-07-17 21:25:53+00:00,btc_mxn,1133739.98,1133740.02,0.0
2024-07-17 21:25:54+00:00,btc_mxn,1133739.98,1133740.02,0.0
2024-07-17 21:25:55+00:00,btc_mxn,1133739.98,1133740.02,0.0
2024-07-17 21:25:56+00:00,btc_mxn,1133739.98,1133740.02,0.0
2024-07-17 21:25:57+00:00,btc_mxn,1133739.98,1133740.02,0.0
2024-07-17 21:25:58+00:00,btc_mxn,1133739.98,1133740.02,0.0
2024-07-17 21:25:59+00:00,btc_mxn,1133739.98,1133740.02,0.0
2024-07-17 21:26:00+00:00,btc_mxn,1133739.98,1133740.02,0.0
2024-07-17 21:26:01+00:00,btc_mxn,1133739.98,1133740.02,0.0
2024-07-17 21:26:02+00:00,btc_mxn,1133739.98,1133740.02,0.0
2024-07-17 21:26:03+00:00,btc_mxn,1133739.98,1133740.02,0.0
2024-07-17 21:26:04+00:00,btc_mxn,1133739.98,1133740.02,0.0
2024-07-17 21:26:05+00:00,btc_mxn,1133739.98,1133740.02,0.0
2024-07-17 21:26:06+00:00,btc_mxn,1133739.98,1133740.02,0.0
2024-07-17 21:26:07+00:00,btc_mxn,1133739.98,1133740.02,0.0
2024-07-17 21:26:08+00:00,btc_mxn,1133739.98,1133740.02,0.0
2024-07-17 21:26:09+00:00,btc_mxn,1133739.98,1133740.02,0.0
2024-07-17 21:26:10+00:00,btc_mxn,1133739.98,1133740.02,0.0
2024-07-17 21:26:11+00:00,btc_mxn,1133739.98,1133740.02,0.0
2024-07-17 21:26:12+00:00,btc_mxn,1133739.98,1133740.02,0.0
2024-07-17 21:26:13+00:00,btc_mxn,1133739.98,1133740.02,0.0
2024-07-17 21:26:14+00:00,btc_mxn,1133739.98,1133740.02,0.0
2024-07-17 21:26:15+00:00,btc_mxn,1133739.98,1133740.02,0.0
2024-07-17 21:26:17+00:00,btc_mxn,1133739.98,1133740.02,0.0
2024-07-17 21:26:18+00:00,btc_mxn,1133739.98,1133740.02,0.0
2024-07-17 21:26:19+00:00,btc_mxn,1133739.98,1133740.02,0.0
2024-07-17 21:26:20+00:00,btc_mxn,1133739.98,1133740.02,0.0
2024-07-17 21:26:21+00:00,btc_mxn,1133739.98,1133740.02,0.0
2024-07-17 21:26:22+00:00,btc_mxn,1133739.98,1133740.02,0.0
2024-07-17 21:26:23+00:00,btc_mxn,1133739.98,1133740.02,0.0
2024-07-17 21:26:24+00:00,btc_mxn,1133739.98,1133740.02,0.0
2024-07-17 21:26:25+00:00,btc_mxn,1133739.98,1133740.02,0.0
2024-07-17 21:26:26+00:00,btc_mxn,1133739.98,1133740.02,0.0
2024-07-17 21:26:27+00:00,btc_mxn,1133739.98,1133740.02,0.0
2024-07-17 21:26:28+00:00,btc_mxn,1133739.98,1133740.02,0.0
2024-07-17 21:26:29+00:00,btc_mxn,1133739.98,1133740.02,0.0
2024-07-17 21:26:30+00:00,btc_mxn,1133739.98,1133740.02,0.0
2024-07-17 21:26:31+00:00,btc_mxn,1133739.98,1133740.02,0.0
2024-07-17 21:26:32+00:00,btc_mxn,1133739.98,1133740.02,0.0
2024-07-17 21:26:33+00:00,btc_mxn,1133739.98,1133740.02,0.0
2024-07-17 21:26:34+00:00,btc_mxn,1133739.98,1133740.02,0.0
2024-07-17 21:26:35+00:00,btc_mxn,1133739.98,1133740.02,0.0
2024-07-17 21:26:36+00:00,btc_mxn,1133739.98,1133740.02,0.0
2024-07-17 21:26:37+00:00,btc_mxn,1133739.98,1133740.02,0.0
2024-07-17 21:26:39+00:00,btc_mxn,1133739.98,1133740.02,0.0
2024-07-17 21:26:39+00:00,btc_mxn,1133739.98,1133740.02,0.0
2024-07-17 21:26:40+00:00,btc_mxn,1133739.98,1133740.02,0.0
2024-07-17 21:26:41+00:00,btc_mxn,1133739.98,1133740.02,0.0
2024-07-17 21:26:42+00:00,btc_mxn,1133739.98,1133740.02,0.0
2024-07-17 21:26:43+00:00,btc_mxn,1133739.98,1133740.02,0.0
2024-07-17 21:26:44+00:00,btc_mxn,1133739.98,1133740.02,0.0
2024-07-17 21:26:45+00:00,btc_mxn,1133739.98,1133740.02,0.0
2024-07-17 21:26:46+00:00,btc_mxn,1133739.98,1133740.02,0.0
2024-07-17 21:26:47+00:00,btc_mxn,1133739.98,1133740.02,0.0
2024-07-17 21:26:48+00:00,btc_mxn,1133739.98,1133740.02,0.0
2024-07-17 21:26:49+00:00,btc_mxn,1133739.98,1133740.02,0.0
2024-07-17 21:26:50+00:00,btc_mxn,1133739.98,1133740.02,0.0
2024-07-17 21:26:51+00:00,btc_mxn,1133739.98,1133740.02,0.0
2024-07-17 21:26:52+00:00,btc_mxn,1133739.98,1133740.02,0.0
2024-07-17 21:26:53+00:00,btc_mxn,1133739.98,1133740.02,0.0
2024-07-17 21:26:54+00:00,btc_mxn,1133739.98,1133740.02,0.0
2024-07-17 21:26:55+00:00,btc_mxn,1133739.98,1133740.02,0.0
2024-07-17 21:26:56+00:00,btc_mxn,1133739.98,1133740.02,0.0
2024-07-17 21:26:57+00:00,btc_mxn,1133739.98,1133740.02,0.0
2024-07-17 21:26:58+00:00,btc_mxn,1133739.98,1133740.02,0.0
2024-07-17 21:26:59+00:00,btc_mxn,1133739.98,1133740.02,0.0
2024-07-17 21:27:00+00:00,btc_mxn,1133739.98,1133740.02,0.0
2024-07-17 21:27:01+00:00,btc_mxn,1133739.98,1133740.02,0.0
2024-07-17 21:27:02+00:00,btc_mxn,1133739.98,1133740.02,0.0
2024-07-17 21:27:03+00:00,btc_mxn,1133739.98,1133740.02,0.0
2024-07-17 21:27:04+00:00,btc_mxn,1133739.98,1133740.02,0.0
2024-07-17 21:27:05+00:00,btc_mxn,1133739.98,1133740.02,0.0
2024-07-17 21:27:06+00:00,btc_mxn,1133739.98,1133740.02,0.0
2024-07-17 21:27:07+00:00,btc_mxn,1133739.98,1133740.02,0.0
2024-07-17 21:27:08+00:00,btc_mxn,1133739.98,1133740.02,0.0
2024-07-17 21:27:10+00:00,btc_mxn,1133739.98,1133740.02,0.0
2024-07-17 21:27:11+00:00,btc_mxn,1133739.98,1133740.02,0.0
2024-07-17 21:27:12+00:00,btc_mxn,1133739.98,1133740.02,0.0
2024-07-17 21:27:13+00:00,btc_mxn,1133739.98,1133740.02,0.0
2024-07-17 21:27:14+00:00,btc_mxn,1133739.98,1133740.02,0.0
2024-07-17 21:27:15+00:00,btc_mxn,1133739.98,1133740.02,0.0
2024-07-17 21:27:16+00:00,btc_mxn,1133739.98,1133740.02,0.0
2024-07-17 21:27:17+00:00,btc_mxn,1133739.98,1133740.02,0.0
2024-07-17 21:27:18+00:00,btc_mxn,1133739.98,1133740.02,0.0
2024-07-17 21:27:19+00:00,btc_mxn,1133739.98,1133740.02,0.0
2024-07-17 21:27:20+00:00,btc_mxn,1133739.98,1133740.02,0.0
2024-07-17 21:27:21+00:00,btc_mxn,1133739.98,1133740.02,0.0
2024-07-17 21:27:22+00:00,btc_mxn,1133739.98,1133740.02,0.0
2024-07-17 21:27:23+00:00,btc_mxn,1133739.98,1133740.02,0.0
2024-07-17 21:27:24+00:00,btc_mxn,1133739.98,1133740.02,0.0
2024-07-17 21:27:25+00:00,btc_mxn,1133739.98,1133740.02,0.0
2024-07-17 21:27:26+00:00,btc_mxn,1133739.98,1133740.02,0.0
2024-07-17 21:27:27+00:00,btc_mxn,1133739.98,1133740.02,0.0
2024-07-17 21:27:28+00:00,btc_mxn,1133739.98,1133740.02,0.0
2024-07-17 21:27:29+00:00,btc_mxn,1133739.98,1133740.02,0.0
2024-07-17 21:27:30+00:00,btc_mxn,1133739.98,1133740.02,0.0
2024-07-17 21:27:31+00:00,btc_mxn,1133739.98,1133740.02,0.0
2024-07-17 21:27:32+00:00,btc_mxn,1133739.98,1133740.02,0.0
2024-07-17 21:27:33+00:00,btc_mxn,1133739.98,1133740.02,0.0
2024-07-17 21:27:34+00:00,btc_mxn,1133739.98,1133740.02,0.0
2024-07-17 21:27:36+00:00,btc_mxn,1133739.98,1133740.02,0.0
2024-07-17 21:27:37+00:00,btc_mxn,1133739.98,1133740.02,0.0
2024-07-17 21:27:38+00:00,btc_mxn,1133739.98,1133740.02,0.0
2024-07-17 21:27:39+00:00,btc_mxn,1133739.98,1133740.02,0.0
2024-07-17 21:27:40+00:00,btc_mxn,1133739.98,1133740.02,0.0
2024-07-17 21:27:41+00:00,btc_mxn,1133739.98,1133740.02,0.0
2024-07-17 21:27:42+00:00,btc_mxn,1133739.98,1133740.02,0.0
2024-07-17 21:27:43+00:00,btc_mxn,1133739.98,1133740.02,0.0
2024-07-17 21:27:44+00:00,btc_mxn,1133739.98,1133740.02,0.0
2024-07-17 21:27:45+00:00,btc_mxn,1133739.98,1133740.02,0.0
2024-07-17 21:27:46+00:00,btc_mxn,1133739.98,1133740.02,0.0
2024-07-17 21:27:47+00:00,btc_mxn,1133739.98,1133740.02,0.0
2024-07-17 21:27:48+00:00,btc_mxn,1133739.98,1133740.02,0.0
2024-07-17 21:27:49+00:00,btc_mxn,1133739.98,1133740.02,0.0
2024-07-17 21:27:50+00:00,btc_mxn,1133739.98,1133740.02,0.0
2024-07-17 21:27:51+00:00,btc_mxn,1133739.98,1133740.02,0.0
2024-07-17 21:27:52+00:00,btc_mxn,1133739.98,1133740.02,0.0
2024-07-17 21:27:53+00:00,btc_mxn,1133739.98,1133740.02,0.0
2024-07-17 21:27:54+00:00,btc_mxn,1133739.98,1133740.02,0.0
2024-07-17 21:27:55+00:00,btc_mxn,1133739.98,1133740.02,0.0
2024-07-17 21:27:56+00:00,btc_mxn,1133739.98,1133740.02,0.0
2024-07-17 21:27:57+00:00,btc_mxn,1133739.98,1133740.02,0.0
2024-07-17 21:27:58+00:00,btc_mxn,1134090.0,1136030.0,0.171
2024-07-17 21:27:59+00:00,btc_mxn,1134520.0,1136030.0,0.133
2024-07-17 21:28:00+00:00,btc_mxn,1134520.0,1136030.0,0.133
2024-07-17 21:28:01+00:00,btc_mxn,1134520.0,1136030.0,0.133
2024-07-17 21:28:02+00:00,btc_mxn,1134520.0,1136030.0,0.133
2024-07-17 21:28:03+00:00,btc_mxn,1134520.0,1136030.0,0.133
2024-07-17 21:28:05+00:00,btc_mxn,1134520.0,1136030.0,0.133
2024-07-17 21:28:06+00:00,btc_mxn,1134520.0,1136030.0,0.133
2024-07-17 21:28:07+00:00,btc_mxn,1134520.0,1136030.0,0.133
2024-07-17 21:28:08+00:00,btc_mxn,1134520.0,1136030.0,0.133
2024-07-17 21:28:09+00:00,btc_mxn,1134520.0,1136030.0,0.133
2024-07-17 21:28:10+00:00,btc_mxn,1134520.0,1136030.0,0.133
2024-07-17 21:28:11+00:00,btc_mxn,1134520.0,1136030.0,0.133
2024-07-17 21:28:12+00:00,btc_mxn,1134520.0,1136030.0,0.133
2024-07-17 21:28:13+00:00,btc_mxn,1134520.0,1136030.0,0.133
2024-07-17 21:28:14+00:00,btc_mxn,1134520.0,1136030.0,0.133
2024-07-17 21:28:15+00:00,btc_mxn,1134520.0,1136030.0,0.133
2024-07-17 21:28:16+00:00,btc_mxn,1134520.0,1136030.0,0.133
2024-07-17 21:28:17+00:00,btc_mxn,1134520.0,1136030.0,0.133
2024-07-17 21:28:18+00:00,btc_mxn,1134520.0,1136030.0,0.133
2024-07-17 21:28:19+00:00,btc_mxn,1134520.0,1136030.0,0.133
2024-07-17 21:28:20+00:00,btc_mxn,1134520.0,1136030.0,0.133
2024-07-17 21:28:21+00:00,btc_mxn,1134520.0,1136030.0,0.133
2024-07-17 21:28:22+00:00,btc_mxn,1134520.0,1136030.0,0.133
2024-07-17 21:28:23+00:00,btc_mxn,1134520.0,1136030.0,0.133
2024-07-17 21:28:24+00:00,btc_mxn,1134520.0,1136030.0,0.133
2024-07-17 21:28:25+00:00,btc_mxn,1134520.0,1136030.0,0.133
2024-07-17 21:28:26+00:00,btc_mxn,1134520.0,1136030.0,0.133
2024-07-17 21:28:27+00:00,btc_mxn,1134520.0,1136030.0,0.133
2024-07-17 21:28:28+00:00,btc_mxn,1134520.0,1136030.0,0.133
2024-07-17 21:28:29+00:00,btc_mxn,1134520.0,1136030.0,0.133
2024-07-17 21:28:30+00:00,btc_mxn,1134520.0,1136030.0,0.133
2024-07-17 21:28:31+00:00,btc_mxn,1134520.0,1136030.0,0.133
2024-07-17 21:28:32+00:00,btc_mxn,1134520.0,1136030.0,0.133
2024-07-17 21:28:33+00:00,btc_mxn,1134520.0,1136030.0,0.133
2024-07-17 21:28:34+00:00,btc_mxn,1134520.0,1136030.0,0.133
2024-07-17 21:28:35+00:00,btc_mxn,1134520.0,1136030.0,0.133
2024-07-17 21:28:37+00:00,btc_mxn,1134520.0,1136030.0,0.133
2024-07-17 21:28:38+00:00,btc_mxn,1134520.0,1136030.0,0.133
2024-07-17 21:28:39+00:00,btc_mxn,1134520.0,1136030.0,0.133
2024-07-17 21:28:40+00:00,btc_mxn,1134520.0,1136030.0,0.133
2024-07-17 21:28:41+00:00,btc_mxn,1134520.0,1136030.0,0.133
2024-07-17 21:28:42+00:00,btc_mxn,1134520.0,1136030.0,0.133
2024-07-17 21:28:44+00:00,btc_mxn,1134520.0,1136030.0,0.133
2024-07-17 21:28:45+00:00,btc_mxn,1134520.0,1136030.0,0.133
2024-07-17 21:28:45+00:00,btc_mxn,1134520.0,1136030.0,0.133
2024-07-17 21:28:46+00:00,btc_mxn,1134520.0,1136030.0,0.133
2024-07-17 21:28:47+00:00,btc_mxn,1134520.0,1136030.0,0.133
2024-07-17 21:28:48+00:00,btc_mxn,1134520.0,1136030.0,0.133
2024-07-17 21:28:49+00:00,btc_mxn,1134520.0,1136030.0,0.133
2024-07-17 21:28:50+00:00,btc_mxn,1134520.0,1136030.0,0.133
2024-07-17 21:28:51+00:00,btc_mxn,1134520.0,1136030.0,0.133
2024-07-17 21:28:52+00:00,btc_mxn,1134520.0,1136030.0,0.133
2024-07-17 21:28:53+00:00,btc_mxn,1134520.0,1136030.0,0.133
2024-07-17 21:28:55+00:00,btc_mxn,1134520.0,1136030.0,0.133
2024-07-17 21:28:56+00:00,btc_mxn,1134520.0,1136030.0,0.133
2024-07-17 21:28:57+00:00,btc_mxn,1134520.0,1136030.0,0.133
2024-07-17 21:28:58+00:00,btc_mxn,1134520.0,1136030.0,0.133
2024-07-17 21:28:59+00:00,btc_mxn,1134520.0,1136030.0,0.133
2024-07-17 21:29:00+00:00,btc_mxn,1134520.0,1136030.0,0.133
2024-07-17 21:29:01+00:00,btc_mxn,1134520.0,1136030.0,0.133
2024-07-17 21:29:02+00:00,btc_mxn,1134520.0,1136030.0,0.133
2024-07-17 21:29:03+00:00,btc_mxn,1134520.0,1136030.0,0.133
2024-07-17 21:29:04+00:00,btc_mxn,1134520.0,1136030.0,0.133
2024-07-17 21:29:05+00:00,btc_mxn,1134520.0,1136030.0,0.133
2024-07-17 21:29:06+00:00,btc_mxn,1134520.0,1136030.0,0.133
2024-07-17 21:29:07+00:00,btc_mxn,1134520.0,1136030.0,0.133
2024-07-17 21:29:08+00:00,btc_mxn,1134520.0,1136030.0,0.133
2024-07-17 21:29:09+00:00,btc_mxn,1134520.0,1136030.0,0.133
2024-07-17 21:29:10+00:00,btc_mxn,1134520.0,1136030.0,0.133
2024-07-17 21:29:11+00:00,btc_mxn,1134520.0,1136030.0,0.133
2024-07-17 21:29:12+00:00,btc_mxn,1134520.0,1136030.0,0.133
2024-07-17 21:29:13+00:00,btc_mxn,1134520.0,1136030.0,0.133
2024-07-17 21:29:14+00:00,btc_mxn,1134520.0,1136030.0,0.133
2024-07-17 21:29:15+00:00,btc_mxn,1134520.0,1136030.0,0.133
2024-07-17 21:29:16+00:00,btc_mxn,1134520.0,1136030.0,0.133
2024-07-17 21:29:17+00:00,btc_mxn,1134520.0,1136030.0,0.133
2024-07-17 21:29:18+00:00,btc_mxn,1134520.0,1136030.0,0.133
2024-07-17 21:29:19+00:00,btc_mxn,1134520.0,1136030.0,0.133
2024-07-17 21:29:20+00:00,btc_mxn,1134520.0,1136030.0,0.133
2024-07-17 21:29:21+00:00,btc_mxn,1134520.0,1136030.0,0.133
2024-07-17 21:29:22+00:00,btc_mxn,1134520.0,1136030.0,0.133
2024-07-17 21:29:23+00:00,btc_mxn,1134520.0,1136030.0,0.133
2024-07-17 21:29:24+00:00,btc_mxn,1134520.0,1136030.0,0.133
2024-07-17 21:29:25+00:00,btc_mxn,1134520.0,1136030.0,0.133
2024-07-17 21:29:26+00:00,btc_mxn,1134520.0,1136030.0,0.133
2024-07-17 21:29:27+00:00,btc_mxn,1134520.0,1136030.0,0.133
2024-07-17 21:29:28+00:00,btc_mxn,1134520.0,1136030.0,0.133
2024-07-17 21:29:29+00:00,btc_mxn,1134520.0,1136030.0,0.133
2024-07-17 21:29:30+00:00,btc_mxn,1134520.0,1136030.0,0.133
2024-07-17 21:29:31+00:00,btc_mxn,1134520.0,1136030.0,0.133
2024-07-17 21:29:32+00:00,btc_mxn,1134520.0,1136030.0,0.133
2024-07-17 21:29:33+00:00,btc_mxn,1134520.0,1136030.0,0.133
2024-07-17 21:29:34+00:00,btc_mxn,1134520.0,1136030.0,0.133
2024-07-17 21:29:36+00:00,btc_mxn,1134520.0,1136030.0,0.133
2024-07-17 21:29:37+00:00,btc_mxn,1134520.0,1136030.0,0.133
2024-07-17 21:29:38+00:00,btc_mxn,1134520.0,1136030.0,0.133
2024-07-17 21:29:39+00:00,btc_mxn,1134520.0,1136030.0,0.133
2024-07-17 21:29:40+00:00,btc_mxn,1135070.0,1136030.0,0.085
2024-07-17 21:29:41+00:00,btc_mxn,1135080.0,1136030.0,0.084
2024-07-17 21:29:43+00:00,btc_mxn,1135080.0,1136030.0,0.084
2024-07-17 21:29:43+00:00,btc_mxn,1135080.0,1136030.0,0.084
2024-07-17 21:29:45+00:00,btc_mxn,1135080.0,1136030.0,0.084
2024-07-17 21:29:46+00:00,btc_mxn,1135080.0,1136030.0,0.084
2024-07-17 21:29:47+00:00,btc_mxn,1135110.0,1136030.0,0.081
2024-07-17 21:29:48+00:00,btc_mxn,1135160.0,1136030.0,0.077
2024-07-17 21:29:49+00:00,btc_mxn,1135180.0,1136150.0,0.085
2024-07-17 21:29:50+00:00,btc_mxn,1135220.0,1136150.0,0.082
2024-07-17 21:29:51+00:00,btc_mxn,1135280.0,1136150.0,0.077
2024-07-17 21:29:52+00:00,btc_mxn,1135320.0,1136150.0,0.073
2024-07-17 21:29:53+00:00,btc_mxn,1135320.0,1136150.0,0.073
2024-07-17 21:29:54+00:00,btc_mxn,1135320.0,1136150.0,0.073
2024-07-17 21:29:55+00:00,btc_mxn,1135320.0,1136150.0,0.073
2024-07-17 21:29:56+00:00,btc_mxn,1135320.0,1136150.0,0.073
2024-07-17 21:29:57+00:00,btc_mxn,1135320.0,1136150.0,0.073
2024-07-17 21:29:58+00:00,btc_mxn,1135320.0,1136150.0,0.073
2024-07-17 21:29:59+00:00,btc_mxn,1135320.0,1136150.0,0.073
2024-07-17 21:30:00+00:00,btc_mxn,1135320.0,1136150.0,0.073
2024-07-17 21:30:01+00:00,btc_mxn,1135320.0,1136150.0,0.073
2024-07-17 21:30:02+00:00,btc_mxn,1135320.0,1136150.0,0.073
2024-07-17 21:30:03+00:00,btc_mxn,1135320.0,1136150.0,0.073
2024-07-17 21:30:04+00:00,btc_mxn,1135320.0,1136150.0,0.073
2024-07-17 21:30:05+00:00,btc_mxn,1135320.0,1136150.0,0.073
2024-07-17 21:30:06+00:00,btc_mxn,1135320.0,1136150.0,0.073
2024-07-17 21:30:07+00:00,btc_mxn,1135320.0,1136150.0,0.073
2024-07-17 21:30:08+00:00,btc_mxn,1135320.0,1136150.0,0.073
2024-07-17 21:30:09+00:00,btc_mxn,1135320.0,1136150.0,0.073
2024-07-17 21:30:10+00:00,btc_mxn,1135320.0,1136150.0,0.073
2024-07-17 21:30:11+00:00,btc_mxn,1135320.0,1136150.0,0.073
2024-07-17 21:30:12+00:00,btc_mxn,1135320.0,1136150.0,0.073
2024-07-17 21:30:13+00:00,btc_mxn,1135320.0,1136150.0,0.073
2024-07-17 21:30:14+00:00,btc_mxn,1135320.0,1136150.0,0.073
2024-07-17 21:30:15+00:00,btc_mxn,1135320.0,1136150.0,0.073
2024-07-17 21:30:16+00:00,btc_mxn,1135320.0,1136150.0,0.073
2024-07-17 21:30:18+00:00,btc_mxn,1135320.0,1136150.0,0.073
2024-07-17 21:30:20+00:00,btc_mxn,1135320.0,1136150.0,0.073
2024-07-17 21:30:21+00:00,btc_mxn,1135320.0,1136150.0,0.073
2024-07-17 21:30:22+00:00,btc_mxn,1135320.0,1136150.0,0.073
2024-07-17 21:30:23+00:00,btc_mxn,1135320.0,1136150.0,0.073
2024-07-17 21:30:24+00:00,btc_mxn,1135320.0,1136150.0,0.073
2024-07-17 21:30:25+00:00,btc_mxn,1135320.0,1136150.0,0.073
2024-07-17 21:30:26+00:00,btc_mxn,1135320.0,1136150.0,0.073
2024-07-17 21:30:27+00:00,btc_mxn,1135320.0,1136150.0,0.073
2024-07-17 21:30:28+00:00,btc_mxn,1135320.0,1136150.0,0.073
2024-07-17 21:30:29+00:00,btc_mxn,1135320.0,1136150.0,0.073
2024-07-17 21:30:30+00:00,btc_mxn,1135320.0,1136150.0,0.073
2024-07-17 21:30:31+00:00,btc_mxn,1135320.0,1136150.0,0.073
2024-07-17 21:30:32+00:00,btc_mxn,1135320.0,1136150.0,0.073
2024-07-17 21:30:33+00:00,btc_mxn,1135320.0,1136150.0,0.073
2024-07-17 21:30:34+00:00,btc_mxn,1135320.0,1136150.0,0.073
2024-07-17 21:30:35+00:00,btc_mxn,1135320.0,1136150.0,0.073
2024-07-17 21:30:36+00:00,btc_mxn,1135320.0,1136150.0,0.073
2024-07-17 21:30:38+00:00,btc_mxn,1135480.0,1136150.0,0.059
2024-07-17 21:30:39+00:00,btc_mxn,1135480.0,1136150.0,0.059
2024-07-17 21:30:40+00:00,btc_mxn,1135480.0,1136150.0,0.059
2024-07-17 21:30:41+00:00,btc_mxn,1135480.0,1136150.0,0.059
2024-07-17 21:30:42+00:00,btc_mxn,1135480.0,1136150.0,0.059
2024-07-17 21:30:43+00:00,btc_mxn,1135480.0,1136150.0,0.059
2024-07-17 21:30:44+00:00,btc_mxn,1135480.0,1136150.0,0.059
2024-07-17 21:30:45+00:00,btc_mxn,1135480.0,1136440.0,0.084
2024-07-17 21:30:46+00:00,btc_mxn,1135480.0,1136440.0,0.084
2024-07-17 21:30:47+00:00,btc_mxn,1135480.0,1136440.0,0.084
2024-07-17 21:30:48+00:00,btc_mxn,1135480.0,1136440.0,0.084
2024-07-17 21:30:49+00:00,btc_mxn,1135480.0,1136440.0,0.084
2024-07-17 21:30:50+00:00,btc_mxn,1135480.0,1136440.0,0.084
2024-07-17 21:30:51+00:00,btc_mxn,1135480.0,1136440.0,0.084
2024-07-17 21:30:52+00:00,btc_mxn,1135480.0,1136440.0,0.084
2024-07-17 21:30:53+00:00,btc_mxn,1135480.0,1136440.0,0.084
2024-07-17 21:30:55+00:00,btc_mxn,1135480.0,1136440.0,0.084
2024-07-17 21:30:56+00:00,btc_mxn,1135480.0,1136440.0,0.084
2024-07-17 21:30:57+00:00,btc_mxn,1135480.0,1136440.0,0.084
2024-07-17 21:30:58+00:00,btc_mxn,1135480.0,1136440.0,0.084
2024-07-17 21:30:59+00:00,btc_mxn,1135480.0,1136440.0,0.084
2024-07-17 21:31:00+00:00,btc_mxn,1135480.0,1136440.0,0.084
2024-07-17 21:31:01+00:00,btc_mxn,1135480.0,1136440.0,0.084
2024-07-17 21:31:02+00:00,btc_mxn,1135480.0,1136440.0,0.084
2024-07-17 21:31:03+00:00,btc_mxn,1135480.0,1136440.0,0.084
2024-07-17 21:31:04+00:00,btc_mxn,1135480.0,1136440.0,0.084
2024-07-17 21:31:05+00:00,btc_mxn,1135480.0,1136440.0,0.084
2024-07-17 21:31:06+00:00,btc_mxn,1135480.0,1136440.0,0.084
2024-07-17 21:31:07+00:00,btc_mxn,1135480.0,1136440.0,0.084
2024-07-17 21:31:08+00:00,btc_mxn,1135480.0,1136440.0,0.084
2024-07-17 21:31:09+00:00,btc_mxn,1135480.0,1136440.0,0.084
2024-07-17 21:31:10+00:00,btc_mxn,1135480.0,1136440.0,0.084
2024-07-17 21:31:11+00:00,btc_mxn,1135480.0,1136440.0,0.084
2024-07-17 21:31:12+00:00,btc_mxn,1135480.0,1136440.0,0.084
2024-07-17 21:31:13+00:00,btc_mxn,1135480.0,1136440.0,0.084
2024-07-17 21:31:14+00:00,btc_mxn,1135480.0,1136440.0,0.084
2024-07-17 21:31:15+00:00,btc_mxn,1135480.0,1136440.0,0.084
2024-07-17 21:31:16+00:00,btc_mxn,1135480.0,1136440.0,0.084
2024-07-17 21:31:17+00:00,btc_mxn,1135480.0,1136440.0,0.084
2024-07-17 21:31:18+00:00,btc_mxn,1135480.0,1136440.0,0.084
2024-07-17 21:31:19+00:00,btc_mxn,1135480.0,1136440.0,0.084
2024-07-17 21:31:20+00:00,btc_mxn,1135480.0,1136440.0,0.084
2024-07-17 21:31:21+00:00,btc_mxn,1135480.0,1136440.0,0.084
2024-07-17 21:31:22+00:00,btc_mxn,1135480.0,1136440.0,0.084
2024-07-17 21:31:23+00:00,btc_mxn,1135480.0,1136440.0,0.084
2024-07-17 21:31:24+00:00,btc_mxn,1135480.0,1136440.0,0.084
2024-07-17 21:31:25+00:00,btc_mxn,1135480.0,1136440.0,0.084
2024-07-17 21:31:26+00:00,btc_mxn,1135480.0,1136440.0,0.084
2024-07-17 21:31:28+00:00,btc_mxn,1135480.0,1136440.0,0.084
2024-07-17 21:31:29+00:00,btc_mxn,1135480.0,1136440.0,0.084
2024-07-17 21:31:30+00:00,btc_mxn,1135480.0,1136440.0,0.084
2024-07-17 21:31:32+00:00,btc_mxn,1135480.0,1136440.0,0.084
2024-07-17 21:31:32+00:00,btc_mxn,1135480.0,1136440.0,0.084
2024-07-17 21:31:33+00:00,btc_mxn,1135480.0,1136440.0,0.084
2024-07-17 21:31:34+00:00,btc_mxn,1135480.0,1136440.0,0.084
2024-07-17 21:31:35+00:00,btc_mxn,1135480.0,1136440.0,0.084
2024-07-17 21:31:36+00:00,btc_mxn,1135480.0,1136440.0,0.084
2024-07-17 21:31:37+00:00,btc_mxn,1135480.0,1136440.0,0.084
2024-07-17 21:31:38+00:00,btc_mxn,1135480.0,1136440.0,0.084
2024-07-17 21:31:39+00:00,btc_mxn,1135480.0,1136440.0,0.084
2024-07-17 21:31:41+00:00,btc_mxn,1135550.0,1136440.0,0.078
2024-07-17 21:31:42+00:00,btc_mxn,1135550.0,1136450.0,0.079
2024-07-17 21:31:43+00:00,btc_mxn,1135550.0,1136450.0,0.079
2024-07-17 21:31:44+00:00,btc_mxn,1135550.0,1136450.0,0.079
2024-07-17 21:31:45+00:00,btc_mxn,1135550.0,1136450.0,0.079
2024-07-17 21:31:46+00:00,btc_mxn,1135550.0,1136450.0,0.079
2024-07-17 21:31:47+00:00,btc_mxn,1135550.0,1136450.0,0.079
2024-07-17 21:31:48+00:00,btc_mxn,1135550.0,1136450.0,0.079
2024-07-17 21:31:49+00:00,btc_mxn,1135550.0,1136450.0,0.079
2024-07-17 21:31:50+00:00,btc_mxn,1135550.0,1136450.0,0.079
2024-07-17 21:31:51+00:00,btc_mxn,1135550.0,1136450.0,0.079
2024-07-17 21:31:52+00:00,btc_mxn,1135550.0,1136450.0,0.079
2024-07-17 21:31:53+00:00,btc_mxn,1135550.0,1136450.0,0.079
2024-07-17 21:31:54+00:00,btc_mxn,1135550.0,1136450.0,0.079
2024-07-17 21:31:55+00:00,btc_mxn,1135550.0,1136450.0,0.079
2024-07-17 21:31:56+00:00,btc_mxn,1135550.0,1136450.0,0.079
2024-07-17 21:31:57+00:00,btc_mxn,1135550.0,1136450.0,0.079
2024-07-17 21:31:58+00:00,btc_mxn,1135550.0,1136450.0,0.079
2024-07-17 21:31:59+00:00,btc_mxn,1135550.0,1136450.0,0.079
2024-07-17 21:32:00+00:00,btc_mxn,1135550.0,1136450.0,0.079
2024-07-17 21:32:01+00:00,btc_mxn,1135550.0,1136450.0,0.079
2024-07-17 21:32:02+00:00,btc_mxn,1135550.0,1136450.0,0.079
2024-07-17 21:32:03+00:00,btc_mxn,1135550.0,1136450.0,0.079
2024-07-17 21:32:04+00:00,btc_mxn,1135550.0,1136450.0,0.079
2024-07-17 21:32:05+00:00,btc_mxn,1135550.0,1136450.0,0.079
2024-07-17 21:32:06+00:00,btc_mxn,1135550.0,1136450.0,0.079
2024-07-17 21:32:07+00:00,btc_mxn,1135550.0,1136450.0,0.079
2024-07-17 21:32:08+00:00,btc_mxn,1135550.0,1136450.0,0.079
2024-07-17 21:32:09+00:00,btc_mxn,1135550.0,1136450.0,0.079
2024-07-17 21:32:10+00:00,btc_mxn,1135550.0,1136450.0,0.079
2024-07-17 21:32:11+00:00,btc_mxn,1135550.0,1136450.0,0.079
2024-07-17 21:32:12+00:00,btc_mxn,1135550.0,1136450.0,0.079
2024-07-17 21:32:13+00:00,btc_mxn,1135550.0,1136450.0,0.079
2024-07-17 21:32:14+00:00,btc_mxn,1135550.0,1136450.0,0.079
2024-07-17 21:32:15+00:00,btc_mxn,1135550.0,1136450.0,0.079
2024-07-17 21:32:16+00:00,btc_mxn,1135550.0,1136450.0,0.079
2024-07-17 21:32:17+00:00,btc_mxn,1135550.0,1136450.0,0.079
2024-07-17 21:32:18+00:00,btc_mxn,1135550.0,1136450.0,0.079
2024-07-17 21:32:19+00:00,btc_mxn,1135550.0,1136450.0,0.079
2024-07-17 21:32:20+00:00,btc_mxn,1135550.0,1136450.0,0.079
2024-07-17 21:32:21+00:00,btc_mxn,1135550.0,1136450.0,0.079
