orderbook_timestamp,book,bid,ask,spread
2024-07-17 15:39:22+00:00,btc_mxn,1155510.0,1158530.0,0.261
2024-07-17 15:39:23+00:00,btc_mxn,1155570.0,1158530.0,0.255
2024-07-17 15:39:24+00:00,btc_mxn,1155670.0,1158530.0,0.247
2024-07-17 15:39:25+00:00,btc_mxn,1155730.0,1158530.0,0.242
2024-07-17 15:39:26+00:00,btc_mxn,1155700.0,1158530.0,0.244
2024-07-17 15:39:27+00:00,btc_mxn,1155830.0,1158530.0,0.233
2024-07-17 15:39:28+00:00,btc_mxn,1155790.0,1158530.0,0.237
2024-07-17 15:39:29+00:00,btc_mxn,1155970.0,1158530.0,0.221
2024-07-17 15:39:30+00:00,btc_mxn,1155970.0,1158530.0,0.221
2024-07-17 15:39:31+00:00,btc_mxn,1155970.0,1158530.0,0.221
2024-07-17 15:39:33+00:00,btc_mxn,1155970.0,1158530.0,0.221
2024-07-17 15:39:34+00:00,btc_mxn,1155970.0,1158530.0,0.221
2024-07-17 15:39:35+00:00,btc_mxn,1155970.0,1158530.0,0.221
2024-07-17 15:39:36+00:00,btc_mxn,1155970.0,1158530.0,0.221
2024-07-17 15:39:37+00:00,btc_mxn,1155970.0,1158530.0,0.221
2024-07-17 15:39:38+00:00,btc_mxn,1155970.0,1158530.0,0.221
2024-07-17 15:39:39+00:00,btc_mxn,1155970.0,1158530.0,0.221
2024-07-17 15:39:40+00:00,btc_mxn,1155970.0,1158530.0,0.221
2024-07-17 15:39:41+00:00,btc_mxn,1155970.0,1158530.0,0.221
2024-07-17 15:39:42+00:00,btc_mxn,1155970.0,1158530.0,0.221
2024-07-17 15:39:43+00:00,btc_mxn,1155970.0,1158530.0,0.221
2024-07-17 15:39:45+00:00,btc_mxn,1155970.0,1158530.0,0.221
2024-07-17 15:39:45+00:00,btc_mxn,1155970.0,1158530.0,0.221
2024-07-17 15:39:46+00:00,btc_mxn,1155970.0,1158530.0,0.221
2024-07-17 15:39:47+00:00,btc_mxn,1155970.0,1158530.0,0.221
2024-07-17 15:39:48+00:00,btc_mxn,1155970.0,1158530.0,0.221
2024-07-17 15:39:49+00:00,btc_mxn,1155970.0,1158530.0,0.221
2024-07-17 15:39:51+00:00,btc_mxn,1155970.0,1158530.0,0.221
2024-07-17 15:39:52+00:00,btc_mxn,1155970.0,1158530.0,0.221
2024-07-17 15:39:53+00:00,btc_mxn,1155970.0,1158530.0,0.221
2024-07-17 15:39:54+00:00,btc_mxn,1155970.0,1158530.0,0.221
2024-07-17 15:39:55+00:00,btc_mxn,1155970.0,1158530.0,0.221
2024-07-17 15:39:56+00:00,btc_mxn,1155970.0,1158530.0,0.221
2024-07-17 15:39:57+00:00,btc_mxn,1155970.0,1158530.0,0.221
2024-07-17 15:39:58+00:00,btc_mxn,1155970.0,1158530.0,0.221
2024-07-17 15:39:59+00:00,btc_mxn,1155970.0,1158530.0,0.221
2024-07-17 15:40:00+00:00,btc_mxn,1155970.0,1158530.0,0.221
2024-07-17 15:40:01+00:00,btc_mxn,1156100.0,1158530.0,0.21
2024-07-17 15:40:02+00:00,btc_mxn,1156100.0,1158530.0,0.21
2024-07-17 15:40:03+00:00,btc_mxn,1156160.0,1158530.0,0.205
2024-07-17 15:40:04+00:00,btc_mxn,1156180.0,1158530.0,0.203
2024-07-17 15:40:05+00:00,btc_mxn,1156180.0,1158530.0,0.203
2024-07-17 15:40:06+00:00,btc_mxn,1156260.0,1158530.0,0.196
2024-07-17 15:40:07+00:00,btc_mxn,1156280.0,1158530.0,0.194
2024-07-17 15:40:08+00:00,btc_mxn,1156350.0,1158530.0,0.188
2024-07-17 15:40:09+00:00,btc_mxn,1156350.0,1158530.0,0.188
2024-07-17 15:40:10+00:00,btc_mxn,1156320.0,1158530.0,0.191
2024-07-17 15:40:11+00:00,btc_mxn,1156400.0,1158530.0,0.184
2024-07-17 15:40:12+00:00,btc_mxn,1156470.0,1158530.0,0.178
2024-07-17 15:40:13+00:00,btc_mxn,1156510.0,1158530.0,0.174
2024-07-17 15:40:14+00:00,btc_mxn,1156510.0,1158530.0,0.174
2024-07-17 15:40:15+00:00,btc_mxn,1156590.0,1158530.0,0.167
2024-07-17 15:40:16+00:00,btc_mxn,1156590.0,1158530.0,0.167
2024-07-17 15:40:18+00:00,btc_mxn,1156570.0,1158530.0,0.169
2024-07-17 15:40:18+00:00,btc_mxn,1156570.0,1158530.0,0.169
2024-07-17 15:40:19+00:00,btc_mxn,1156650.0,1158530.0,0.162
2024-07-17 15:40:20+00:00,btc_mxn,1156670.0,1158530.0,0.161
2024-07-17 15:40:21+00:00,btc_mxn,1156670.0,1158530.0,0.161
2024-07-17 15:40:22+00:00,btc_mxn,1156960.0,1158530.0,0.136
2024-07-17 15:40:23+00:00,btc_mxn,1157030.0,1158530.0,0.129
2024-07-17 15:40:24+00:00,btc_mxn,1157100.0,1158530.0,0.123
2024-07-17 15:40:25+00:00,btc_mxn,1157100.0,1158530.0,0.123
2024-07-17 15:40:26+00:00,btc_mxn,1157190.0,1158530.0,0.116
2024-07-17 15:40:27+00:00,btc_mxn,1157190.0,1158530.0,0.116
2024-07-17 15:40:28+00:00,btc_mxn,1157240.0,1158530.0,0.111
2024-07-17 15:40:29+00:00,btc_mxn,1157320.0,1158530.0,0.104
2024-07-17 15:40:30+00:00,btc_mxn,1157340.0,1158530.0,0.103
2024-07-17 15:40:31+00:00,btc_mxn,1157340.0,1158530.0,0.103
2024-07-17 15:40:32+00:00,btc_mxn,1157340.0,1158530.0,0.103
2024-07-17 15:40:33+00:00,btc_mxn,1157340.0,1158530.0,0.103
2024-07-17 15:40:34+00:00,btc_mxn,1157340.0,1158530.0,0.103
2024-07-17 15:40:35+00:00,btc_mxn,1157340.0,1158530.0,0.103
2024-07-17 15:40:36+00:00,btc_mxn,1157340.0,1158530.0,0.103
2024-07-17 15:40:37+00:00,btc_mxn,1157340.0,1158530.0,0.103
2024-07-17 15:40:38+00:00,btc_mxn,1157340.0,1158530.0,0.103
2024-07-17 15:40:39+00:00,btc_mxn,1157340.0,1158530.0,0.103
2024-07-17 15:40:40+00:00,btc_mxn,1157340.0,1158530.0,0.103
2024-07-17 15:40:42+00:00,btc_mxn,1157340.0,1158530.0,0.103
2024-07-17 15:40:43+00:00,btc_mxn,1157340.0,1158530.0,0.103
2024-07-17 15:40:44+00:00,btc_mxn,1157340.0,1158530.0,0.103
2024-07-17 15:40:45+00:00,btc_mxn,1157340.0,1158530.0,0.103
2024-07-17 15:40:46+00:00,btc_mxn,1157340.0,1158530.0,0.103
2024-07-17 15:40:47+00:00,btc_mxn,1157340.0,1158530.0,0.103
2024-07-17 15:40:48+00:00,btc_mxn,1157340.0,1158530.0,0.103
2024-07-17 15:40:49+00:00,btc_mxn,1157340.0,1158530.0,0.103
2024-07-17 15:40:50+00:00,btc_mxn,1157340.0,1158530.0,0.103
2024-07-17 15:40:51+00:00,btc_mxn,1157340.0,1158530.0,0.103
2024-07-17 15:40:52+00:00,btc_mxn,1157340.0,1158530.0,0.103
2024-07-17 15:40:53+00:00,btc_mxn,1157340.0,1158530.0,0.103
2024-07-17 15:40:54+00:00,btc_mxn,1157340.0,1158530.0,0.103
2024-07-17 15:40:55+00:00,btc_mxn,1157340.0,1158530.0,0.103
2024-07-17 15:40:56+00:00,btc_mxn,1157340.0,1158530.0,0.103
2024-07-17 15:40:57+00:00,btc_mxn,1157340.0,1158530.0,0.103
2024-07-17 15:40:58+00:00,btc_mxn,1157340.0,1158530.0,0.103
2024-07-17 15:40:59+00:00,btc_mxn,1157340.0,1158530.0,0.103
2024-07-17 15:41:00+00:00,btc_mxn,1157340.0,1158530.0,0.103
2024-07-17 15:41:01+00:00,btc_mxn,1157340.0,1158530.0,0.103
2024-07-17 15:41:02+00:00,btc_mxn,1157340.0,1158530.0,0.103
2024-07-17 15:41:03+00:00,btc_mxn,1157340.0,1158530.0,0.103
2024-07-17 15:41:04+00:00,btc_mxn,1157340.0,1158530.0,0.103
2024-07-17 15:41:05+00:00,btc_mxn,1157340.0,1158530.0,0.103
2024-07-17 15:41:06+00:00,btc_mxn,1157340.0,1158570.0,0.106
2024-07-17 15:41:07+00:00,btc_mxn,1157340.0,1158570.0,0.106
2024-07-17 15:41:08+00:00,btc_mxn,1157340.0,1158570.0,0.106
2024-07-17 15:41:09+00:00,btc_mxn,1157340.0,1158570.0,0.106
2024-07-17 15:41:10+00:00,btc_mxn,1157340.0,1158570.0,0.106
2024-07-17 15:41:11+00:00,btc_mxn,1157340.0,1158570.0,0.106
2024-07-17 15:41:12+00:00,btc_mxn,1157340.0,1158570.0,0.106
2024-07-17 15:41:13+00:00,btc_mxn,1157340.0,1158570.0,0.106
2024-07-17 15:41:14+00:00,btc_mxn,1157340.0,1158570.0,0.106
2024-07-17 15:41:15+00:00,btc_mxn,1157340.0,1158570.0,0.106
2024-07-17 15:41:16+00:00,btc_mxn,1157340.0,1158570.0,0.106
2024-07-17 15:41:17+00:00,btc_mxn,1157320.0,1158570.0,0.108
2024-07-17 15:41:18+00:00,btc_mxn,1157320.0,1158570.0,0.108
2024-07-17 15:41:19+00:00,btc_mxn,1157100.0,1158570.0,0.127
2024-07-17 15:41:20+00:00,btc_mxn,1157100.0,1158570.0,0.127
2024-07-17 15:41:21+00:00,btc_mxn,1157100.0,1158570.0,0.127
2024-07-17 15:41:22+00:00,btc_mxn,1157100.0,1158570.0,0.127
2024-07-17 15:41:23+00:00,btc_mxn,1157100.0,1158570.0,0.127
2024-07-17 15:41:24+00:00,btc_mxn,1157100.0,1158570.0,0.127
2024-07-17 15:41:25+00:00,btc_mxn,1157100.0,1158570.0,0.127
2024-07-17 15:41:26+00:00,btc_mxn,1157100.0,1158480.0,0.119
2024-07-17 15:41:27+00:00,btc_mxn,1157100.0,1158480.0,0.119
2024-07-17 15:41:28+00:00,btc_mxn,1157100.0,1158480.0,0.119
2024-07-17 15:41:29+00:00,btc_mxn,1157100.0,1158480.0,0.119
2024-07-17 15:41:30+00:00,btc_mxn,1157100.0,1158480.0,0.119
2024-07-17 15:41:31+00:00,btc_mxn,1157100.0,1158480.0,0.119
2024-07-17 15:41:32+00:00,btc_mxn,1157100.0,1158480.0,0.119
2024-07-17 15:41:33+00:00,btc_mxn,1157100.0,1158480.0,0.119
2024-07-17 15:41:34+00:00,btc_mxn,1157100.0,1158480.0,0.119
2024-07-17 15:41:35+00:00,btc_mxn,1157100.0,1158480.0,0.119
2024-07-17 15:41:36+00:00,btc_mxn,1157100.0,1158480.0,0.119
2024-07-17 15:41:37+00:00,btc_mxn,1157100.0,1158480.0,0.119
2024-07-17 15:41:38+00:00,btc_mxn,1157100.0,1158480.0,0.119
2024-07-17 15:41:39+00:00,btc_mxn,1157100.0,1158480.0,0.119
2024-07-17 15:41:40+00:00,btc_mxn,1157100.0,1158480.0,0.119
2024-07-17 15:41:42+00:00,btc_mxn,1157100.0,1158480.0,0.119
2024-07-17 15:41:43+00:00,btc_mxn,1157100.0,1158480.0,0.119
2024-07-17 15:41:44+00:00,btc_mxn,1157100.0,1158480.0,0.119
2024-07-17 15:41:45+00:00,btc_mxn,1157100.0,1158480.0,0.119
2024-07-17 15:41:47+00:00,btc_mxn,1157100.0,1158480.0,0.119
2024-07-17 15:41:48+00:00,btc_mxn,1157100.0,1158480.0,0.119
2024-07-17 15:41:50+00:00,btc_mxn,1157100.0,1158480.0,0.119
2024-07-17 15:41:51+00:00,btc_mxn,1157100.0,1158480.0,0.119
2024-07-17 15:41:52+00:00,btc_mxn,1157100.0,1158480.0,0.119
2024-07-17 15:41:53+00:00,btc_mxn,1157100.0,1158480.0,0.119
2024-07-17 15:41:54+00:00,btc_mxn,1157100.0,1158480.0,0.119
2024-07-17 15:41:55+00:00,btc_mxn,1157100.0,1158480.0,0.119
2024-07-17 15:41:56+00:00,btc_mxn,1157100.0,1158480.0,0.119
2024-07-17 15:41:57+00:00,btc_mxn,1157100.0,1158480.0,0.119
2024-07-17 15:41:58+00:00,btc_mxn,1157100.0,1158480.0,0.119
2024-07-17 15:41:59+00:00,btc_mxn,1157100.0,1158480.0,0.119
2024-07-17 15:42:00+00:00,btc_mxn,1157100.0,1158480.0,0.119
2024-07-17 15:42:01+00:00,btc_mxn,1157100.0,1158480.0,0.119
2024-07-17 15:42:02+00:00,btc_mxn,1157100.0,1158300.0,0.104
2024-07-17 15:42:03+00:00,btc_mxn,1157100.0,1158270.0,0.101
2024-07-17 15:42:04+00:00,btc_mxn,1157060.0,1158240.0,0.102
2024-07-17 15:42:05+00:00,btc_mxn,1157060.0,1158240.0,0.102
2024-07-17 15:42:06+00:00,btc_mxn,1157060.0,1158220.0,0.1
2024-07-17 15:42:07+00:00,btc_mxn,1157060.0,1158210.0,0.099
2024-07-17 15:42:08+00:00,btc_mxn,1157060.0,1158170.0,0.096
2024-07-17 15:42:09+00:00,btc_mxn,1157060.0,1157820.0,0.066
2024-07-17 15:42:10+00:00,btc_mxn,1158219.98,1158220.0,0.0
2024-07-17 15:42:11+00:00,btc_mxn,1158219.98,1158220.0,0.0
2024-07-17 15:42:12+00:00,btc_mxn,1158219.98,1158220.0,0.0
2024-07-17 15:42:13+00:00,btc_mxn,1158219.98,1158220.0,0.0
2024-07-17 15:42:14+00:00,btc_mxn,1158219.98,1158220.0,0.0
2024-07-17 15:42:15+00:00,btc_mxn,1158219.98,1158220.0,0.0
2024-07-17 15:42:16+00:00,btc_mxn,1158219.98,1158220.0,0.0
2024-07-17 15:42:17+00:00,btc_mxn,1158219.98,1158220.0,0.0
2024-07-17 15:42:18+00:00,btc_mxn,1158219.98,1158220.0,0.0
2024-07-17 15:42:19+00:00,btc_mxn,1158219.98,1158220.0,0.0
2024-07-17 15:42:20+00:00,btc_mxn,1158219.98,1158220.0,0.0
2024-07-17 15:42:21+00:00,btc_mxn,1158219.98,1158220.0,0.0
2024-07-17 15:42:22+00:00,btc_mxn,1158219.98,1158220.0,0.0
2024-07-17 15:42:23+00:00,btc_mxn,1158219.98,1158220.0,0.0
2024-07-17 15:42:24+00:00,btc_mxn,1158219.98,1158220.0,0.0
2024-07-17 15:42:25+00:00,btc_mxn,1158219.98,1158220.0,0.0
2024-07-17 15:42:26+00:00,btc_mxn,1158219.98,1158220.0,0.0
2024-07-17 15:42:27+00:00,btc_mxn,1158219.98,1158220.0,0.0
2024-07-17 15:42:28+00:00,btc_mxn,1158219.98,1158220.0,0.0
2024-07-17 15:42:29+00:00,btc_mxn,1158219.98,1158220.0,0.0
2024-07-17 15:42:30+00:00,btc_mxn,1158219.98,1158220.0,0.0
2024-07-17 15:42:31+00:00,btc_mxn,1158219.98,1158220.0,0.0
2024-07-17 15:42:32+00:00,btc_mxn,1158219.98,1158220.0,0.0
2024-07-17 15:42:33+00:00,btc_mxn,1158219.98,1158220.0,0.0
2024-07-17 15:42:34+00:00,btc_mxn,1158219.98,1158220.0,0.0
2024-07-17 15:42:35+00:00,btc_mxn,1158219.98,1158220.0,0.0
2024-07-17 15:42:36+00:00,btc_mxn,1158219.98,1158220.0,0.0
2024-07-17 15:42:37+00:00,btc_mxn,1158219.98,1158220.0,0.0
2024-07-17 15:42:38+00:00,btc_mxn,1158219.98,1158220.0,0.0
2024-07-17 15:42:39+00:00,btc_mxn,1158219.98,1158220.0,0.0
2024-07-17 15:42:40+00:00,btc_mxn,1158219.98,1158220.0,0.0
2024-07-17 15:42:41+00:00,btc_mxn,1158219.98,1158220.0,0.0
2024-07-17 15:42:42+00:00,btc_mxn,1158219.98,1158220.0,0.0
2024-07-17 15:42:43+00:00,btc_mxn,1158219.98,1158220.0,0.0
2024-07-17 15:42:44+00:00,btc_mxn,1158219.98,1158220.0,0.0
2024-07-17 15:42:45+00:00,btc_mxn,1158219.98,1158220.0,0.0
2024-07-17 15:42:46+00:00,btc_mxn,1158219.98,1158220.0,0.0
2024-07-17 15:42:47+00:00,btc_mxn,1158219.98,1158220.0,0.0
2024-07-17 15:42:49+00:00,btc_mxn,1158219.98,1158220.0,0.0
2024-07-17 15:42:50+00:00,btc_mxn,1158219.98,1158220.0,0.0
2024-07-17 15:42:51+00:00,btc_mxn,1158219.98,1158220.0,0.0
2024-07-17 15:42:52+00:00,btc_mxn,1158219.98,1158220.0,0.0
2024-07-17 15:42:53+00:00,btc_mxn,1158219.98,1158220.0,0.0
2024-07-17 15:42:54+00:00,btc_mxn,1158219.98,1158220.0,0.0
2024-07-17 15:42:55+00:00,btc_mxn,1158219.98,1158220.0,0.0
2024-07-17 15:42:56+00:00,btc_mxn,1158219.98,1158220.0,0.0
2024-07-17 15:42:57+00:00,btc_mxn,1158219.98,1158220.0,0.0
2024-07-17 15:42:58+00:00,btc_mxn,1158219.98,1158220.0,0.0
2024-07-17 15:42:59+00:00,btc_mxn,1158219.98,1158220.0,0.0
2024-07-17 15:43:00+00:00,btc_mxn,1158219.98,1158220.0,0.0
2024-07-17 15:43:01+00:00,btc_mxn,1158219.98,1158220.0,0.0
2024-07-17 15:43:02+00:00,btc_mxn,1158219.98,1158220.02,0.0
2024-07-17 15:43:03+00:00,btc_mxn,1158219.98,1158220.02,0.0
2024-07-17 15:43:04+00:00,btc_mxn,1158219.98,1158220.02,0.0
2024-07-17 15:43:05+00:00,btc_mxn,1158219.98,1158220.02,0.0
2024-07-17 15:43:06+00:00,btc_mxn,1158219.98,1158220.02,0.0
2024-07-17 15:43:07+00:00,btc_mxn,1158219.98,1158220.02,0.0
2024-07-17 15:43:08+00:00,btc_mxn,1158219.98,1158220.02,0.0
2024-07-17 15:43:09+00:00,btc_mxn,1158219.98,1158220.02,0.0
2024-07-17 15:43:10+00:00,btc_mxn,1158219.98,1158220.02,0.0
2024-07-17 15:43:11+00:00,btc_mxn,1158219.98,1158220.02,0.0
2024-07-17 15:43:12+00:00,btc_mxn,1158219.98,1158220.02,0.0
2024-07-17 15:43:13+00:00,btc_mxn,1158219.98,1158220.02,0.0
2024-07-17 15:43:14+00:00,btc_mxn,1158219.98,1158220.02,0.0
2024-07-17 15:43:15+00:00,btc_mxn,1158219.98,1158220.02,0.0
2024-07-17 15:43:16+00:00,btc_mxn,1158219.98,1158220.02,0.0
2024-07-17 15:43:17+00:00,btc_mxn,1158219.98,1158220.02,0.0
2024-07-17 15:43:18+00:00,btc_mxn,1158219.98,1158220.02,0.0
2024-07-17 15:43:19+00:00,btc_mxn,1158219.98,1158220.02,0.0
2024-07-17 15:43:20+00:00,btc_mxn,1158219.98,1158220.02,0.0
2024-07-17 15:43:21+00:00,btc_mxn,1158219.98,1158220.02,0.0
2024-07-17 15:43:22+00:00,btc_mxn,1158219.98,1158220.02,0.0
2024-07-17 15:43:23+00:00,btc_mxn,1158219.98,1158220.02,0.0
2024-07-17 15:43:24+00:00,btc_mxn,1158219.98,1158220.02,0.0
2024-07-17 15:43:25+00:00,btc_mxn,1158219.98,1158220.02,0.0
2024-07-17 15:43:26+00:00,btc_mxn,1158219.98,1158220.02,0.0
2024-07-17 15:43:27+00:00,btc_mxn,1158219.98,1158220.02,0.0
2024-07-17 15:43:28+00:00,btc_mxn,1158219.98,1158220.02,0.0
2024-07-17 15:43:29+00:00,btc_mxn,1155120.0,1155710.0,0.051
2024-07-17 15:43:30+00:00,btc_mxn,1155120.0,1155710.0,0.051
2024-07-17 15:43:31+00:00,btc_mxn,1155120.0,1155710.0,0.051
2024-07-17 15:43:32+00:00,btc_mxn,1155120.0,1155710.0,0.051
2024-07-17 15:43:33+00:00,btc_mxn,1155120.0,1155710.0,0.051
2024-07-17 15:43:34+00:00,btc_mxn,1155120.0,1155710.0,0.051
2024-07-17 15:43:35+00:00,btc_mxn,1155120.0,1155710.0,0.051
2024-07-17 15:43:36+00:00,btc_mxn,1155120.0,1155710.0,0.051
2024-07-17 15:43:37+00:00,btc_mxn,1155120.0,1155710.0,0.051
2024-07-17 15:43:38+00:00,btc_mxn,1155120.0,1155710.0,0.051
2024-07-17 15:43:39+00:00,btc_mxn,1155120.0,1155710.0,0.051
2024-07-17 15:43:40+00:00,btc_mxn,1155120.0,1155710.0,0.051
2024-07-17 15:43:41+00:00,btc_mxn,1155120.0,1155710.0,0.051
2024-07-17 15:43:42+00:00,btc_mxn,1155120.0,1155710.0,0.051
2024-07-17 15:43:43+00:00,btc_mxn,1155120.0,1155710.0,0.051
2024-07-17 15:43:44+00:00,btc_mxn,1155120.0,1155710.0,0.051
2024-07-17 15:43:45+00:00,btc_mxn,1155120.0,1155710.0,0.051
2024-07-17 15:43:46+00:00,btc_mxn,1155120.0,1155710.0,0.051
2024-07-17 15:43:47+00:00,btc_mxn,1155120.0,1155710.0,0.051
2024-07-17 15:43:48+00:00,btc_mxn,1155120.0,1155710.0,0.051
2024-07-17 15:43:49+00:00,btc_mxn,1155120.0,1155710.0,0.051
2024-07-17 15:43:51+00:00,btc_mxn,1155120.0,1155710.0,0.051
2024-07-17 15:43:52+00:00,btc_mxn,1155120.0,1155710.0,0.051
2024-07-17 15:43:53+00:00,btc_mxn,1155120.0,1155710.0,0.051
2024-07-17 15:43:54+00:00,btc_mxn,1155120.0,1155710.0,0.051
2024-07-17 15:43:55+00:00,btc_mxn,1155120.0,1155710.0,0.051
2024-07-17 15:43:56+00:00,btc_mxn,1155120.0,1155710.0,0.051
2024-07-17 15:43:57+00:00,btc_mxn,1155120.0,1155710.0,0.051
2024-07-17 15:43:58+00:00,btc_mxn,1155120.0,1155710.0,0.051
2024-07-17 15:43:59+00:00,btc_mxn,1155120.0,1155710.0,0.051
2024-07-17 15:44:00+00:00,btc_mxn,1155120.0,1155710.0,0.051
2024-07-17 15:44:01+00:00,btc_mxn,1155120.0,1155710.0,0.051
2024-07-17 15:44:02+00:00,btc_mxn,1155120.0,1155550.0,0.037
2024-07-17 15:44:03+00:00,btc_mxn,1155120.0,1155550.0,0.037
2024-07-17 15:44:04+00:00,btc_mxn,1155030.0,1155550.0,0.045
2024-07-17 15:44:05+00:00,btc_mxn,1155030.0,1155550.0,0.045
2024-07-17 15:44:06+00:00,btc_mxn,1153490.0,1155420.0,0.167
2024-07-17 15:44:07+00:00,btc_mxn,1153490.0,1155380.0,0.164
2024-07-17 15:44:09+00:00,btc_mxn,1153490.0,1155380.0,0.164
2024-07-17 15:44:10+00:00,btc_mxn,1153490.0,1155380.0,0.164
2024-07-17 15:44:11+00:00,btc_mxn,1153310.0,1155420.0,0.183
2024-07-17 15:44:12+00:00,btc_mxn,1153310.0,1155420.0,0.183
2024-07-17 15:44:13+00:00,btc_mxn,1153310.0,1155420.0,0.183
2024-07-17 15:44:15+00:00,btc_mxn,1153310.0,1155190.0,0.163
2024-07-17 15:44:16+00:00,btc_mxn,1153310.0,1155070.0,0.152
2024-07-17 15:44:17+00:00,btc_mxn,1153310.0,1155070.0,0.152
2024-07-17 15:44:18+00:00,btc_mxn,1153310.0,1155070.0,0.152
2024-07-17 15:44:19+00:00,btc_mxn,1153310.0,1155070.0,0.152
2024-07-17 15:44:20+00:00,btc_mxn,1153310.0,1155070.0,0.152
2024-07-17 15:44:21+00:00,btc_mxn,1153310.0,1154900.0,0.138
2024-07-17 15:44:22+00:00,btc_mxn,1153310.0,1154870.0,0.135
2024-07-17 15:44:23+00:00,btc_mxn,1153310.0,1154890.0,0.137
2024-07-17 15:44:24+00:00,btc_mxn,1153310.0,1154890.0,0.137
2024-07-17 15:44:25+00:00,btc_mxn,1153310.0,1154890.0,0.137
2024-07-17 15:44:26+00:00,btc_mxn,1153310.0,1154890.0,0.137
2024-07-17 15:44:27+00:00,btc_mxn,1153310.0,1154890.0,0.137
2024-07-17 15:44:28+00:00,btc_mxn,1153310.0,1155010.0,0.147
2024-07-17 15:44:29+00:00,btc_mxn,1153310.0,1155010.0,0.147
2024-07-17 15:44:30+00:00,btc_mxn,1153310.0,1155010.0,0.147
2024-07-17 15:44:31+00:00,btc_mxn,1153310.0,1155010.0,0.147
2024-07-17 15:44:32+00:00,btc_mxn,1153310.0,1155010.0,0.147
2024-07-17 15:44:33+00:00,btc_mxn,1153310.0,1155010.0,0.147
2024-07-17 15:44:34+00:00,btc_mxn,1153310.0,1155010.0,0.147
2024-07-17 15:44:35+00:00,btc_mxn,1153310.0,1155010.0,0.147
2024-07-17 15:44:36+00:00,btc_mxn,1153310.0,1155010.0,0.147
2024-07-17 15:44:37+00:00,btc_mxn,1153310.0,1155010.0,0.147
2024-07-17 15:44:38+00:00,btc_mxn,1153310.0,1155010.0,0.147
2024-07-17 15:44:39+00:00,btc_mxn,1153310.0,1155010.0,0.147
2024-07-17 15:44:40+00:00,btc_mxn,1153310.0,1155010.0,0.147
2024-07-17 15:44:41+00:00,btc_mxn,1153310.0,1155010.0,0.147
2024-07-17 15:44:42+00:00,btc_mxn,1153310.0,1155010.0,0.147
2024-07-17 15:44:43+00:00,btc_mxn,1153310.0,1155010.0,0.147
2024-07-17 15:44:44+00:00,btc_mxn,1153310.0,1155010.0,0.147
2024-07-17 15:44:45+00:00,btc_mxn,1153310.0,1155010.0,0.147
2024-07-17 15:44:46+00:00,btc_mxn,1153310.0,1155010.0,0.147
2024-07-17 15:44:47+00:00,btc_mxn,1153310.0,1155010.0,0.147
2024-07-17 15:44:48+00:00,btc_mxn,1153310.0,1155010.0,0.147
2024-07-17 15:44:49+00:00,btc_mxn,1153310.0,1155010.0,0.147
2024-07-17 15:44:50+00:00,btc_mxn,1153310.0,1155010.0,0.147
2024-07-17 15:44:51+00:00,btc_mxn,1153310.0,1155010.0,0.147
2024-07-17 15:44:53+00:00,btc_mxn,1153310.0,1155010.0,0.147
2024-07-17 15:44:53+00:00,btc_mxn,1153310.0,1155010.0,0.147
2024-07-17 15:44:55+00:00,btc_mxn,1153310.0,1155010.0,0.147
2024-07-17 15:44:56+00:00,btc_mxn,1153310.0,1155010.0,0.147
2024-07-17 15:44:57+00:00,btc_mxn,1153310.0,1155010.0,0.147
2024-07-17 15:44:58+00:00,btc_mxn,1153310.0,1155010.0,0.147
2024-07-17 15:44:59+00:00,btc_mxn,1153310.0,1155010.0,0.147
2024-07-17 15:45:00+00:00,btc_mxn,1153310.0,1155010.0,0.147
2024-07-17 15:45:01+00:00,btc_mxn,1153310.0,1155010.0,0.147
2024-07-17 15:45:02+00:00,btc_mxn,1153310.0,1155010.0,0.147
2024-07-17 15:45:03+00:00,btc_mxn,1153310.0,1155010.0,0.147
2024-07-17 15:45:04+00:00,btc_mxn,1153310.0,1154820.0,0.131
2024-07-17 15:45:05+00:00,btc_mxn,1153310.0,1154800.0,0.129
2024-07-17 15:45:06+00:00,btc_mxn,1153310.0,1154800.0,0.129
2024-07-17 15:45:07+00:00,btc_mxn,1152640.0,1154800.0,0.187
2024-07-17 15:45:08+00:00,btc_mxn,1152640.0,1154800.0,0.187
2024-07-17 15:45:09+00:00,btc_mxn,1152640.0,1154780.0,0.185
2024-07-17 15:45:10+00:00,btc_mxn,1152640.0,1154690.0,0.178
2024-07-17 15:45:11+00:00,btc_mxn,1152640.0,1154630.0,0.172
2024-07-17 15:45:12+00:00,btc_mxn,1152640.0,1154630.0,0.172
2024-07-17 15:45:13+00:00,btc_mxn,1152640.0,1154630.0,0.172
2024-07-17 15:45:14+00:00,btc_mxn,1152640.0,1154630.0,0.172
2024-07-17 15:45:15+00:00,btc_mxn,1152640.0,1154630.0,0.172
2024-07-17 15:45:16+00:00,btc_mxn,1152640.0,1154630.0,0.172
2024-07-17 15:45:17+00:00,btc_mxn,1152640.0,1154680.0,0.177
2024-07-17 15:45:18+00:00,btc_mxn,1152640.0,1154680.0,0.177
2024-07-17 15:45:19+00:00,btc_mxn,1152640.0,1154680.0,0.177
2024-07-17 15:45:20+00:00,btc_mxn,1152640.0,1154520.0,0.163
2024-07-17 15:45:21+00:00,btc_mxn,1152640.0,1154440.0,0.156
2024-07-17 15:45:22+00:00,btc_mxn,1152640.0,1154420.0,0.154
2024-07-17 15:45:23+00:00,btc_mxn,1152640.0,1154320.0,0.146
2024-07-17 15:45:24+00:00,btc_mxn,1152640.0,1154320.0,0.146
2024-07-17 15:45:25+00:00,btc_mxn,1152640.0,1154280.0,0.142
2024-07-17 15:45:26+00:00,btc_mxn,1152640.0,1154290.0,0.143
2024-07-17 15:45:27+00:00,btc_mxn,1152640.0,1154290.0,0.143
2024-07-17 15:45:28+00:00,btc_mxn,1152640.0,1154320.0,0.146
2024-07-17 15:45:29+00:00,btc_mxn,1152640.0,1154320.0,0.146
2024-07-17 15:45:30+00:00,btc_mxn,1152640.0,1154320.0,0.146
2024-07-17 15:45:31+00:00,btc_mxn,1152640.0,1154320.0,0.146
2024-07-17 15:45:32+00:00,btc_mxn,1152640.0,1154320.0,0.146
2024-07-17 15:45:33+00:00,btc_mxn,1152640.0,1154320.0,0.146
2024-07-17 15:45:34+00:00,btc_mxn,1152640.0,1154320.0,0.146
2024-07-17 15:45:35+00:00,btc_mxn,1152640.0,1154320.0,0.146
2024-07-17 15:45:36+00:00,btc_mxn,1152640.0,1154320.0,0.146
2024-07-17 15:45:37+00:00,btc_mxn,1152640.0,1154320.0,0.146
2024-07-17 15:45:38+00:00,btc_mxn,1152640.0,1154320.0,0.146
2024-07-17 15:45:39+00:00,btc_mxn,1152640.0,1154320.0,0.146
2024-07-17 15:45:40+00:00,btc_mxn,1152640.0,1154320.0,0.146
2024-07-17 15:45:41+00:00,btc_mxn,1152640.0,1154320.0,0.146
2024-07-17 15:45:42+00:00,btc_mxn,1152640.0,1154320.0,0.146
2024-07-17 15:45:43+00:00,btc_mxn,1152640.0,1154320.0,0.146
2024-07-17 15:45:44+00:00,btc_mxn,1152640.0,1154320.0,0.146
2024-07-17 15:45:45+00:00,btc_mxn,1152640.0,1154320.0,0.146
2024-07-17 15:45:46+00:00,btc_mxn,1152640.0,1154320.0,0.146
2024-07-17 15:45:47+00:00,btc_mxn,1152640.0,1154320.0,0.146
2024-07-17 15:45:48+00:00,btc_mxn,1152640.0,1154320.0,0.146
2024-07-17 15:45:49+00:00,btc_mxn,1152640.0,1154320.0,0.146
2024-07-17 15:45:50+00:00,btc_mxn,1152640.0,1154320.0,0.146
2024-07-17 15:45:52+00:00,btc_mxn,1152640.0,1154320.0,0.146
2024-07-17 15:45:53+00:00,btc_mxn,1152640.0,1154320.0,0.146
2024-07-17 15:45:54+00:00,btc_mxn,1152640.0,1154320.0,0.146
2024-07-17 15:45:55+00:00,btc_mxn,1152640.0,1154320.0,0.146
2024-07-17 15:45:56+00:00,btc_mxn,1152640.0,1154320.0,0.146
2024-07-17 15:45:57+00:00,btc_mxn,1152640.0,1154320.0,0.146
2024-07-17 15:45:58+00:00,btc_mxn,1152640.0,1154320.0,0.146
2024-07-17 15:45:59+00:00,btc_mxn,1152640.0,1154320.0,0.146
2024-07-17 15:46:00+00:00,btc_mxn,1152640.0,1154320.0,0.146
2024-07-17 15:46:01+00:00,btc_mxn,1152640.0,1154320.0,0.146
2024-07-17 15:46:02+00:00,btc_mxn,1152640.0,1154320.0,0.146
2024-07-17 15:46:03+00:00,btc_mxn,1152640.0,1154320.0,0.146
2024-07-17 15:46:04+00:00,btc_mxn,1152640.0,1154320.0,0.146
2024-07-17 15:46:05+00:00,btc_mxn,1152600.0,1154230.0,0.141
2024-07-17 15:46:06+00:00,btc_mxn,1152600.0,1154230.0,0.141
2024-07-17 15:46:07+00:00,btc_mxn,1152600.0,1154230.0,0.141
2024-07-17 15:46:08+00:00,btc_mxn,1152600.0,1154230.0,0.141
2024-07-17 15:46:09+00:00,btc_mxn,1152600.0,1154140.0,0.133
2024-07-17 15:46:10+00:00,btc_mxn,1151410.0,1154140.0,0.237
2024-07-17 15:46:11+00:00,btc_mxn,1151410.0,1153530.0,0.184
2024-07-17 15:46:12+00:00,btc_mxn,1151410.0,1153530.0,0.184
2024-07-17 15:46:13+00:00,btc_mxn,1151410.0,1153530.0,0.184
2024-07-17 15:46:14+00:00,btc_mxn,1151410.0,1153530.0,0.184
2024-07-17 15:46:15+00:00,btc_mxn,1151410.0,1153520.0,0.183
2024-07-17 15:46:16+00:00,btc_mxn,1151410.0,1153520.0,0.183
2024-07-17 15:46:17+00:00,btc_mxn,1151410.0,1153520.0,0.183
2024-07-17 15:46:18+00:00,btc_mxn,1151410.0,1153520.0,0.183
2024-07-17 15:46:19+00:00,btc_mxn,1151410.0,1153520.0,0.183
2024-07-17 15:46:20+00:00,btc_mxn,1151410.0,1153520.0,0.183
2024-07-17 15:46:21+00:00,btc_mxn,1151410.0,1153520.0,0.183
2024-07-17 15:46:22+00:00,btc_mxn,1151410.0,1153520.0,0.183
2024-07-17 15:46:23+00:00,btc_mxn,1151410.0,1153320.0,0.166
2024-07-17 15:46:24+00:00,btc_mxn,1151410.0,1153320.0,0.166
2024-07-17 15:46:25+00:00,btc_mxn,1151410.0,1153320.0,0.166
2024-07-17 15:46:26+00:00,btc_mxn,1151410.0,1153320.0,0.166
2024-07-17 15:46:27+00:00,btc_mxn,1151410.0,1153320.0,0.166
2024-07-17 15:46:28+00:00,btc_mxn,1151410.0,1153210.0,0.156
2024-07-17 15:46:29+00:00,btc_mxn,1151410.0,1153210.0,0.156
2024-07-17 15:46:30+00:00,btc_mxn,1151410.0,1153210.0,0.156
2024-07-17 15:46:31+00:00,btc_mxn,1151410.0,1153210.0,0.156
2024-07-17 15:46:32+00:00,btc_mxn,1151410.0,1153210.0,0.156
2024-07-17 15:46:33+00:00,btc_mxn,1151410.0,1153210.0,0.156
2024-07-17 15:46:34+00:00,btc_mxn,1151410.0,1153210.0,0.156
2024-07-17 15:46:35+00:00,btc_mxn,1151410.0,1153210.0,0.156
2024-07-17 15:46:36+00:00,btc_mxn,1151410.0,1153210.0,0.156
2024-07-17 15:46:37+00:00,btc_mxn,1151410.0,1153210.0,0.156
2024-07-17 15:46:38+00:00,btc_mxn,1151410.0,1153210.0,0.156
2024-07-17 15:46:39+00:00,btc_mxn,1151410.0,1153210.0,0.156
2024-07-17 15:46:40+00:00,btc_mxn,1151410.0,1153210.0,0.156
2024-07-17 15:46:41+00:00,btc_mxn,1151410.0,1153210.0,0.156
2024-07-17 15:46:42+00:00,btc_mxn,1151410.0,1153210.0,0.156
2024-07-17 15:46:43+00:00,btc_mxn,1151410.0,1153210.0,0.156
2024-07-17 15:46:44+00:00,btc_mxn,1151410.0,1153210.0,0.156
2024-07-17 15:46:45+00:00,btc_mxn,1151410.0,1153210.0,0.156
2024-07-17 15:46:46+00:00,btc_mxn,1151410.0,1153210.0,0.156
2024-07-17 15:46:47+00:00,btc_mxn,1151410.0,1153210.0,0.156
2024-07-17 15:46:48+00:00,btc_mxn,1151410.0,1153210.0,0.156
2024-07-17 15:46:49+00:00,btc_mxn,1151410.0,1153210.0,0.156
2024-07-17 15:46:50+00:00,btc_mxn,1151410.0,1153210.0,0.156
2024-07-17 15:46:51+00:00,btc_mxn,1151410.0,1153210.0,0.156
2024-07-17 15:46:52+00:00,btc_mxn,1151410.0,1153210.0,0.156
2024-07-17 15:46:54+00:00,btc_mxn,1151410.0,1153210.0,0.156
2024-07-17 15:46:55+00:00,btc_mxn,1151410.0,1153210.0,0.156
2024-07-17 15:46:56+00:00,btc_mxn,1151410.0,1153210.0,0.156
2024-07-17 15:46:57+00:00,btc_mxn,1151410.0,1153210.0,0.156
2024-07-17 15:46:58+00:00,btc_mxn,1151410.0,1153210.0,0.156
2024-07-17 15:46:59+00:00,btc_mxn,1151410.0,1153210.0,0.156
2024-07-17 15:47:00+00:00,btc_mxn,1151410.0,1153210.0,0.156
2024-07-17 15:47:01+00:00,btc_mxn,1151410.0,1153210.0,0.156
2024-07-17 15:47:02+00:00,btc_mxn,1151410.0,1153210.0,0.156
2024-07-17 15:47:03+00:00,btc_mxn,1151410.0,1153210.0,0.156
2024-07-17 15:47:04+00:00,btc_mxn,1151410.0,1153210.0,0.156
2024-07-17 15:47:05+00:00,btc_mxn,1151410.0,1153210.0,0.156
2024-07-17 15:47:06+00:00,btc_mxn,1151410.0,1153210.0,0.156
2024-07-17 15:47:07+00:00,btc_mxn,1151410.0,1153210.0,0.156
2024-07-17 15:47:08+00:00,btc_mxn,1151410.0,1153210.0,0.156
2024-07-17 15:47:09+00:00,btc_mxn,1151410.0,1151410.02,0.0
2024-07-17 15:47:10+00:00,btc_mxn,1151410.0,1151410.02,0.0
2024-07-17 15:47:11+00:00,btc_mxn,1151410.0,1151410.02,0.0
2024-07-17 15:47:12+00:00,btc_mxn,1151410.0,1151410.02,0.0
2024-07-17 15:47:13+00:00,btc_mxn,1151410.0,1151410.02,0.0
2024-07-17 15:47:14+00:00,btc_mxn,1151410.0,1151410.02,0.0
2024-07-17 15:47:15+00:00,btc_mxn,1151410.0,1151410.02,0.0
2024-07-17 15:47:16+00:00,btc_mxn,1151410.0,1151410.02,0.0
2024-07-17 15:47:17+00:00,btc_mxn,1151410.0,1151410.02,0.0
2024-07-17 15:47:18+00:00,btc_mxn,1151410.0,1151410.02,0.0
2024-07-17 15:47:19+00:00,btc_mxn,1151410.0,1151410.02,0.0
2024-07-17 15:47:20+00:00,btc_mxn,1151410.0,1151410.02,0.0
2024-07-17 15:47:21+00:00,btc_mxn,1151410.0,1151410.02,0.0
2024-07-17 15:47:22+00:00,btc_mxn,1151410.0,1151410.02,0.0
2024-07-17 15:47:23+00:00,btc_mxn,1151410.0,1151410.02,0.0
2024-07-17 15:47:24+00:00,btc_mxn,1151410.0,1151410.02,0.0
2024-07-17 15:47:25+00:00,btc_mxn,1151410.0,1151410.02,0.0
2024-07-17 15:47:26+00:00,btc_mxn,1151410.0,1151410.02,0.0
2024-07-17 15:47:27+00:00,btc_mxn,1151410.0,1151410.02,0.0
2024-07-17 15:47:28+00:00,btc_mxn,1151410.0,1151410.02,0.0
2024-07-17 15:47:29+00:00,btc_mxn,1151410.0,1151410.02,0.0
2024-07-17 15:47:30+00:00,btc_mxn,1151410.0,1151410.02,0.0
2024-07-17 15:47:31+00:00,btc_mxn,1151410.0,1151410.02,0.0
2024-07-17 15:47:32+00:00,btc_mxn,1151410.0,1151410.02,0.0
2024-07-17 15:47:33+00:00,btc_mxn,1151410.0,1151410.02,0.0
2024-07-17 15:47:34+00:00,btc_mxn,1151410.0,1151410.02,0.0
2024-07-17 15:47:35+00:00,btc_mxn,1151410.0,1151410.02,0.0
2024-07-17 15:47:36+00:00,btc_mxn,1151410.0,1151410.02,0.0
2024-07-17 15:47:37+00:00,btc_mxn,1151410.0,1151410.02,0.0
2024-07-17 15:47:38+00:00,btc_mxn,1151410.0,1151410.02,0.0
2024-07-17 15:47:39+00:00,btc_mxn,1151410.0,1151410.02,0.0
2024-07-17 15:47:40+00:00,btc_mxn,1151410.0,1151410.02,0.0
2024-07-17 15:47:41+00:00,btc_mxn,1151410.0,1151410.02,0.0
2024-07-17 15:47:42+00:00,btc_mxn,1151410.0,1151410.02,0.0
2024-07-17 15:47:44+00:00,btc_mxn,1151410.0,1151410.02,0.0
2024-07-17 15:47:45+00:00,btc_mxn,1151410.0,1151410.02,0.0
2024-07-17 15:47:46+00:00,btc_mxn,1151410.0,1151410.02,0.0
2024-07-17 15:47:47+00:00,btc_mxn,1151410.0,1151410.02,0.0
2024-07-17 15:47:48+00:00,btc_mxn,1151410.0,1151410.02,0.0
2024-07-17 15:47:49+00:00,btc_mxn,1151410.0,1151410.02,0.0
2024-07-17 15:47:50+00:00,btc_mxn,1151410.0,1151410.02,0.0
2024-07-17 15:47:51+00:00,btc_mxn,1151410.0,1151410.02,0.0
2024-07-17 15:47:52+00:00,btc_mxn,1151410.0,1151410.02,0.0
2024-07-17 15:47:53+00:00,btc_mxn,1151410.0,1151410.02,0.0
2024-07-17 15:47:54+00:00,btc_mxn,1151410.0,1151410.02,0.0
2024-07-17 15:47:55+00:00,btc_mxn,1151410.0,1151410.02,0.0
2024-07-17 15:47:56+00:00,btc_mxn,1151410.0,1151410.02,0.0
2024-07-17 15:47:57+00:00,btc_mxn,1151410.0,1151410.02,0.0
2024-07-17 15:47:58+00:00,btc_mxn,1151410.0,1151410.02,0.0
2024-07-17 15:47:59+00:00,btc_mxn,1151410.0,1151410.02,0.0
2024-07-17 15:48:00+00:00,btc_mxn,1151410.0,1151410.02,0.0
2024-07-17 15:48:01+00:00,btc_mxn,1151410.0,1151410.02,0.0
2024-07-17 15:48:02+00:00,btc_mxn,1151410.0,1151410.02,0.0
2024-07-17 15:48:03+00:00,btc_mxn,1151410.0,1151410.02,0.0
2024-07-17 15:48:04+00:00,btc_mxn,1151410.0,1151410.02,0.0
2024-07-17 15:48:05+00:00,btc_mxn,1151410.0,1151410.02,0.0
2024-07-17 15:48:06+00:00,btc_mxn,1151410.0,1151410.02,0.0
2024-07-17 15:48:07+00:00,btc_mxn,1151410.0,1151410.02,0.0
2024-07-17 15:48:08+00:00,btc_mxn,1151410.0,1151410.02,0.0
2024-07-17 15:48:09+00:00,btc_mxn,1151410.0,1151410.02,0.0
2024-07-17 15:48:10+00:00,btc_mxn,1151410.0,1151410.02,0.0
2024-07-17 15:48:11+00:00,btc_mxn,1151410.0,1151410.02,0.0
2024-07-17 15:48:12+00:00,btc_mxn,1151410.0,1151410.02,0.0
2024-07-17 15:48:13+00:00,btc_mxn,1151410.0,1151410.02,0.0
2024-07-17 15:48:14+00:00,btc_mxn,1151410.0,1151410.02,0.0
2024-07-17 15:48:15+00:00,btc_mxn,1151410.0,1151410.02,0.0
2024-07-17 15:48:16+00:00,btc_mxn,1151410.0,1151410.02,0.0
2024-07-17 15:48:17+00:00,btc_mxn,1151410.0,1151410.02,0.0
2024-07-17 15:48:19+00:00,btc_mxn,1151410.0,1151410.02,0.0
2024-07-17 15:48:20+00:00,btc_mxn,1151410.0,1151410.02,0.0
2024-07-17 15:48:21+00:00,btc_mxn,1151410.0,1151410.02,0.0
2024-07-17 15:48:22+00:00,btc_mxn,1151410.0,1151410.02,0.0
2024-07-17 15:48:23+00:00,btc_mxn,1151410.0,1151410.02,0.0
2024-07-17 15:48:24+00:00,btc_mxn,1151410.0,1151410.02,0.0
2024-07-17 15:48:25+00:00,btc_mxn,1151410.0,1151410.02,0.0
2024-07-17 15:48:26+00:00,btc_mxn,1151410.0,1151410.02,0.0
2024-07-17 15:48:27+00:00,btc_mxn,1151410.0,1151410.02,0.0
2024-07-17 15:48:28+00:00,btc_mxn,1151410.0,1151410.02,0.0
2024-07-17 15:48:29+00:00,btc_mxn,1151410.0,1151410.02,0.0
2024-07-17 15:48:30+00:00,btc_mxn,1151410.0,1151410.02,0.0
2024-07-17 15:48:31+00:00,btc_mxn,1151410.0,1151410.02,0.0
2024-07-17 15:48:32+00:00,btc_mxn,1151410.0,1151410.02,0.0
2024-07-17 15:48:33+00:00,btc_mxn,1151410.0,1151410.02,0.0
2024-07-17 15:48:34+00:00,btc_mxn,1151410.0,1151410.02,0.0
2024-07-17 15:48:35+00:00,btc_mxn,1151410.0,1151410.02,0.0
2024-07-17 15:48:36+00:00,btc_mxn,1151410.0,1151410.02,0.0
2024-07-17 15:48:37+00:00,btc_mxn,1151410.0,1151410.02,0.0
2024-07-17 15:48:38+00:00,btc_mxn,1151410.0,1151410.02,0.0
2024-07-17 15:48:39+00:00,btc_mxn,1151410.0,1151410.02,0.0
2024-07-17 15:48:40+00:00,btc_mxn,1151410.0,1151410.02,0.0
2024-07-17 15:48:41+00:00,btc_mxn,1151410.0,1151410.02,0.0
2024-07-17 15:48:42+00:00,btc_mxn,1151410.0,1151410.02,0.0
2024-07-17 15:48:43+00:00,btc_mxn,1151410.0,1151410.02,0.0
2024-07-17 15:48:44+00:00,btc_mxn,1151410.0,1151410.02,0.0
2024-07-17 15:48:46+00:00,btc_mxn,1151410.0,1151410.02,0.0
2024-07-17 15:48:47+00:00,btc_mxn,1151410.0,1151410.02,0.0
2024-07-17 15:48:48+00:00,btc_mxn,1151410.0,1151410.02,0.0
2024-07-17 15:48:49+00:00,btc_mxn,1151410.0,1151410.02,0.0
2024-07-17 15:48:50+00:00,btc_mxn,1151410.0,1151410.02,0.0
2024-07-17 15:48:51+00:00,btc_mxn,1151410.0,1151410.02,0.0
2024-07-17 15:48:52+00:00,btc_mxn,1151410.0,1151410.02,0.0
2024-07-17 15:48:53+00:00,btc_mxn,1151410.0,1151410.02,0.0
2024-07-17 15:48:54+00:00,btc_mxn,1151410.0,1151410.02,0.0
2024-07-17 15:48:55+00:00,btc_mxn,1151410.0,1151410.02,0.0
2024-07-17 15:48:56+00:00,btc_mxn,1151410.0,1151410.02,0.0
2024-07-17 15:48:57+00:00,btc_mxn,1151410.0,1151410.02,0.0
2024-07-17 15:48:58+00:00,btc_mxn,1151410.0,1151410.02,0.0
2024-07-17 15:48:59+00:00,btc_mxn,1151410.0,1151410.02,0.0
2024-07-17 15:49:00+00:00,btc_mxn,1151410.0,1151410.02,0.0
2024-07-17 15:49:01+00:00,btc_mxn,1151410.0,1151410.02,0.0
2024-07-17 15:49:02+00:00,btc_mxn,1151409.98,1151410.02,0.0
2024-07-17 15:49:03+00:00,btc_mxn,1151409.98,1151410.02,0.0
2024-07-17 15:49:04+00:00,btc_mxn,1151409.98,1151410.02,0.0
2024-07-17 15:49:05+00:00,btc_mxn,1151409.98,1151410.02,0.0
2024-07-17 15:49:06+00:00,btc_mxn,1151409.98,1151410.02,0.0
2024-07-17 15:49:07+00:00,btc_mxn,1151409.98,1151410.02,0.0
2024-07-17 15:49:08+00:00,btc_mxn,1151409.98,1151410.02,0.0
2024-07-17 15:49:09+00:00,btc_mxn,1151409.98,1151410.02,0.0
2024-07-17 15:49:10+00:00,btc_mxn,1151409.98,1151410.02,0.0
2024-07-17 15:49:11+00:00,btc_mxn,1151409.98,1151410.02,0.0
2024-07-17 15:49:12+00:00,btc_mxn,1151409.98,1151410.02,0.0
2024-07-17 15:49:13+00:00,btc_mxn,1151409.98,1151410.02,0.0
2024-07-17 15:49:14+00:00,btc_mxn,1151409.98,1151410.02,0.0
2024-07-17 15:49:15+00:00,btc_mxn,1151409.98,1151410.02,0.0
2024-07-17 15:49:16+00:00,btc_mxn,1151409.98,1151410.02,0.0
2024-07-17 15:49:17+00:00,btc_mxn,1151409.98,1151410.02,0.0
2024-07-17 15:49:18+00:00,btc_mxn,1151409.98,1151410.02,0.0
2024-07-17 15:49:19+00:00,btc_mxn,1151409.98,1151410.02,0.0
2024-07-17 15:49:20+00:00,btc_mxn,1151409.98,1151410.02,0.0
2024-07-17 15:49:21+00:00,btc_mxn,1151409.98,1151410.02,0.0
2024-07-17 15:49:22+00:00,btc_mxn,1151409.98,1151410.02,0.0
2024-07-17 15:49:23+00:00,btc_mxn,1151409.98,1151410.02,0.0
2024-07-17 15:49:24+00:00,btc_mxn,1151409.98,1151410.02,0.0
2024-07-17 15:49:25+00:00,btc_mxn,1151409.98,1151410.02,0.0
2024-07-17 15:49:26+00:00,btc_mxn,1151409.98,1151410.02,0.0
2024-07-17 15:49:27+00:00,btc_mxn,1151409.98,1151410.02,0.0
2024-07-17 15:49:28+00:00,btc_mxn,1151409.98,1151410.02,0.0
2024-07-17 15:49:29+00:00,btc_mxn,1151409.98,1151410.02,0.0
2024-07-17 15:49:30+00:00,btc_mxn,1151409.98,1151410.02,0.0
2024-07-17 15:49:31+00:00,btc_mxn,1151409.98,1151410.02,0.0
2024-07-17 15:49:32+00:00,btc_mxn,1151409.98,1151410.02,0.0
2024-07-17 15:49:33+00:00,btc_mxn,1151409.98,1151410.02,0.0
2024-07-17 15:49:34+00:00,btc_mxn,1151409.98,1151410.02,0.0
2024-07-17 15:49:35+00:00,btc_mxn,1151409.98,1151410.02,0.0
2024-07-17 15:49:36+00:00,btc_mxn,1151409.98,1151410.02,0.0
2024-07-17 15:49:37+00:00,btc_mxn,1151409.98,1151410.02,0.0
