orderbook_timestamp,book,bid,ask,spread
2024-07-18 00:40:14+00:00,usd_mxn,17.71,17.73,0.113
2024-07-18 00:40:15+00:00,usd_mxn,17.71,17.73,0.113
2024-07-18 00:40:16+00:00,usd_mxn,17.71,17.73,0.113
2024-07-18 00:40:17+00:00,usd_mxn,17.71,17.73,0.113
2024-07-18 00:40:18+00:00,usd_mxn,17.71,17.73,0.113
2024-07-18 00:40:19+00:00,usd_mxn,17.71,17.73,0.113
2024-07-18 00:40:20+00:00,usd_mxn,17.71,17.73,0.113
2024-07-18 00:40:21+00:00,usd_mxn,17.71,17.73,0.113
2024-07-18 00:40:22+00:00,usd_mxn,17.71,17.73,0.113
2024-07-18 00:40:23+00:00,usd_mxn,17.71,17.73,0.113
2024-07-18 00:40:24+00:00,usd_mxn,17.71,17.73,0.113
2024-07-18 00:40:25+00:00,usd_mxn,17.71,17.73,0.113
2024-07-18 00:40:26+00:00,usd_mxn,17.71,17.73,0.113
2024-07-18 00:40:27+00:00,usd_mxn,17.71,17.73,0.113
2024-07-18 00:40:28+00:00,usd_mxn,17.71,17.73,0.113
2024-07-18 00:40:29+00:00,usd_mxn,17.71,17.73,0.113
2024-07-18 00:40:30+00:00,usd_mxn,17.71,17.73,0.113
2024-07-18 00:40:31+00:00,usd_mxn,17.71,17.73,0.113
2024-07-18 00:40:32+00:00,usd_mxn,17.71,17.73,0.113
2024-07-18 00:40:33+00:00,usd_mxn,17.71,17.73,0.113
2024-07-18 00:40:34+00:00,usd_mxn,17.71,17.73,0.113
2024-07-18 00:40:35+00:00,usd_mxn,17.71,17.73,0.113
2024-07-18 00:40:36+00:00,usd_mxn,17.71,17.73,0.113
2024-07-18 00:40:37+00:00,usd_mxn,17.71,17.73,0.113
2024-07-18 00:40:38+00:00,usd_mxn,17.71,17.73,0.113
2024-07-18 00:40:39+00:00,usd_mxn,17.71,17.73,0.113
2024-07-18 00:40:40+00:00,usd_mxn,17.71,17.73,0.113
2024-07-18 00:40:41+00:00,usd_mxn,17.71,17.73,0.113
2024-07-18 00:40:42+00:00,usd_mxn,17.71,17.73,0.113
2024-07-18 00:40:43+00:00,usd_mxn,17.71,17.73,0.113
2024-07-18 00:40:44+00:00,usd_mxn,17.71,17.73,0.113
2024-07-18 00:40:45+00:00,usd_mxn,17.71,17.73,0.113
2024-07-18 00:40:46+00:00,usd_mxn,17.71,17.73,0.113
2024-07-18 00:40:47+00:00,usd_mxn,17.71,17.73,0.113
2024-07-18 00:40:48+00:00,usd_mxn,17.71,17.73,0.113
2024-07-18 00:40:49+00:00,usd_mxn,17.71,17.73,0.113
2024-07-18 00:40:50+00:00,usd_mxn,17.71,17.73,0.113
2024-07-18 00:40:51+00:00,usd_mxn,17.71,17.73,0.113
2024-07-18 00:40:52+00:00,usd_mxn,17.71,17.73,0.113
2024-07-18 00:40:53+00:00,usd_mxn,17.71,17.73,0.113
2024-07-18 00:40:54+00:00,usd_mxn,17.71,17.73,0.113
2024-07-18 00:40:55+00:00,usd_mxn,17.71,17.73,0.113
2024-07-18 00:40:56+00:00,usd_mxn,17.71,17.73,0.113
2024-07-18 00:40:57+00:00,usd_mxn,17.71,17.73,0.113
2024-07-18 00:40:58+00:00,usd_mxn,17.71,17.73,0.113
2024-07-18 00:40:59+00:00,usd_mxn,17.71,17.73,0.113
2024-07-18 00:41:00+00:00,usd_mxn,17.71,17.73,0.113
2024-07-18 00:41:01+00:00,usd_mxn,17.71,17.73,0.113
2024-07-18 00:41:02+00:00,usd_mxn,17.71,17.73,0.113
2024-07-18 00:41:03+00:00,usd_mxn,17.71,17.73,0.113
2024-07-18 00:41:04+00:00,usd_mxn,17.71,17.73,0.113
2024-07-18 00:41:05+00:00,usd_mxn,17.71,17.73,0.113
2024-07-18 00:41:06+00:00,usd_mxn,17.71,17.73,0.113
2024-07-18 00:41:07+00:00,usd_mxn,17.71,17.73,0.113
2024-07-18 00:41:08+00:00,usd_mxn,17.71,17.73,0.113
2024-07-18 00:41:09+00:00,usd_mxn,17.71,17.73,0.113
2024-07-18 00:41:10+00:00,usd_mxn,17.71,17.73,0.113
2024-07-18 00:41:11+00:00,usd_mxn,17.71,17.73,0.113
2024-07-18 00:41:12+00:00,usd_mxn,17.71,17.73,0.113
2024-07-18 00:41:13+00:00,usd_mxn,17.71,17.73,0.113
2024-07-18 00:41:14+00:00,usd_mxn,17.71,17.73,0.113
2024-07-18 00:41:15+00:00,usd_mxn,17.71,17.73,0.113
2024-07-18 00:41:16+00:00,usd_mxn,17.71,17.73,0.113
2024-07-18 00:41:17+00:00,usd_mxn,17.71,17.73,0.113
2024-07-18 00:41:18+00:00,usd_mxn,17.71,17.73,0.113
2024-07-18 00:41:19+00:00,usd_mxn,17.71,17.73,0.113
2024-07-18 00:41:20+00:00,usd_mxn,17.71,17.73,0.113
2024-07-18 00:41:21+00:00,usd_mxn,17.71,17.73,0.113
2024-07-18 00:41:22+00:00,usd_mxn,17.71,17.73,0.113
2024-07-18 00:41:23+00:00,usd_mxn,17.71,17.73,0.113
2024-07-18 00:41:24+00:00,usd_mxn,17.71,17.73,0.113
2024-07-18 00:41:25+00:00,usd_mxn,17.71,17.73,0.113
2024-07-18 00:41:26+00:00,usd_mxn,17.71,17.73,0.113
2024-07-18 00:41:27+00:00,usd_mxn,17.71,17.73,0.113
2024-07-18 00:41:28+00:00,usd_mxn,17.71,17.73,0.113
2024-07-18 00:41:29+00:00,usd_mxn,17.71,17.73,0.113
2024-07-18 00:41:30+00:00,usd_mxn,17.71,17.73,0.113
2024-07-18 00:41:32+00:00,usd_mxn,17.71,17.73,0.113
2024-07-18 00:41:33+00:00,usd_mxn,17.71,17.73,0.113
2024-07-18 00:41:34+00:00,usd_mxn,17.71,17.73,0.113
2024-07-18 00:41:35+00:00,usd_mxn,17.71,17.73,0.113
2024-07-18 00:41:36+00:00,usd_mxn,17.71,17.73,0.113
2024-07-18 00:41:37+00:00,usd_mxn,17.71,17.73,0.113
2024-07-18 00:41:38+00:00,usd_mxn,17.71,17.73,0.113
2024-07-18 00:41:39+00:00,usd_mxn,17.71,17.73,0.113
2024-07-18 00:41:40+00:00,usd_mxn,17.71,17.73,0.113
2024-07-18 00:41:41+00:00,usd_mxn,17.71,17.73,0.113
2024-07-18 00:41:42+00:00,usd_mxn,17.71,17.73,0.113
2024-07-18 00:41:43+00:00,usd_mxn,17.71,17.73,0.113
2024-07-18 00:41:44+00:00,usd_mxn,17.71,17.73,0.113
2024-07-18 00:41:45+00:00,usd_mxn,17.71,17.73,0.113
2024-07-18 00:41:46+00:00,usd_mxn,17.71,17.73,0.113
2024-07-18 00:41:47+00:00,usd_mxn,17.71,17.73,0.113
2024-07-18 00:41:49+00:00,usd_mxn,17.71,17.73,0.113
2024-07-18 00:41:49+00:00,usd_mxn,17.71,17.73,0.113
2024-07-18 00:41:50+00:00,usd_mxn,17.71,17.73,0.113
2024-07-18 00:41:51+00:00,usd_mxn,17.71,17.73,0.113
2024-07-18 00:41:52+00:00,usd_mxn,17.71,17.73,0.113
2024-07-18 00:41:53+00:00,usd_mxn,17.71,17.73,0.113
2024-07-18 00:41:54+00:00,usd_mxn,17.71,17.73,0.113
2024-07-18 00:41:55+00:00,usd_mxn,17.71,17.73,0.113
2024-07-18 00:41:56+00:00,usd_mxn,17.71,17.73,0.113
2024-07-18 00:41:57+00:00,usd_mxn,17.71,17.73,0.113
2024-07-18 00:41:58+00:00,usd_mxn,17.71,17.73,0.113
2024-07-18 00:41:59+00:00,usd_mxn,17.71,17.73,0.113
2024-07-18 00:42:00+00:00,usd_mxn,17.71,17.73,0.113
2024-07-18 00:42:01+00:00,usd_mxn,17.71,17.73,0.113
2024-07-18 00:42:03+00:00,usd_mxn,17.71,17.73,0.113
2024-07-18 00:42:03+00:00,usd_mxn,17.71,17.73,0.113
2024-07-18 00:42:04+00:00,usd_mxn,17.71,17.73,0.113
2024-07-18 00:42:05+00:00,usd_mxn,17.71,17.73,0.113
2024-07-18 00:42:06+00:00,usd_mxn,17.71,17.73,0.113
2024-07-18 00:42:07+00:00,usd_mxn,17.71,17.73,0.113
2024-07-18 00:42:08+00:00,usd_mxn,17.71,17.73,0.113
2024-07-18 00:42:09+00:00,usd_mxn,17.71,17.73,0.113
2024-07-18 00:42:10+00:00,usd_mxn,17.71,17.73,0.113
2024-07-18 00:42:11+00:00,usd_mxn,17.71,17.73,0.113
2024-07-18 00:42:12+00:00,usd_mxn,17.71,17.73,0.113
2024-07-18 00:42:13+00:00,usd_mxn,17.71,17.73,0.113
2024-07-18 00:42:14+00:00,usd_mxn,17.71,17.73,0.113
2024-07-18 00:42:15+00:00,usd_mxn,17.71,17.73,0.113
2024-07-18 00:42:16+00:00,usd_mxn,17.71,17.73,0.113
2024-07-18 00:42:17+00:00,usd_mxn,17.71,17.73,0.113
2024-07-18 00:42:18+00:00,usd_mxn,17.71,17.73,0.113
2024-07-18 00:42:19+00:00,usd_mxn,17.71,17.73,0.113
2024-07-18 00:42:21+00:00,usd_mxn,17.71,17.73,0.113
2024-07-18 00:42:22+00:00,usd_mxn,17.71,17.73,0.113
2024-07-18 00:42:23+00:00,usd_mxn,17.71,17.73,0.113
2024-07-18 00:42:24+00:00,usd_mxn,17.71,17.73,0.113
2024-07-18 00:42:25+00:00,usd_mxn,17.71,17.73,0.113
2024-07-18 00:42:26+00:00,usd_mxn,17.71,17.73,0.113
2024-07-18 00:42:27+00:00,usd_mxn,17.71,17.73,0.113
2024-07-18 00:42:28+00:00,usd_mxn,17.71,17.73,0.113
2024-07-18 00:42:29+00:00,usd_mxn,17.71,17.73,0.113
2024-07-18 00:42:31+00:00,usd_mxn,17.71,17.73,0.113
2024-07-18 00:42:32+00:00,usd_mxn,17.71,17.73,0.113
2024-07-18 00:42:33+00:00,usd_mxn,17.71,17.73,0.113
2024-07-18 00:42:34+00:00,usd_mxn,17.71,17.73,0.113
2024-07-18 00:42:35+00:00,usd_mxn,17.71,17.73,0.113
2024-07-18 00:42:36+00:00,usd_mxn,17.71,17.73,0.113
2024-07-18 00:42:37+00:00,usd_mxn,17.71,17.73,0.113
2024-07-18 00:42:38+00:00,usd_mxn,17.71,17.73,0.113
2024-07-18 00:42:39+00:00,usd_mxn,17.71,17.73,0.113
2024-07-18 00:42:40+00:00,usd_mxn,17.71,17.73,0.113
2024-07-18 00:42:41+00:00,usd_mxn,17.71,17.73,0.113
2024-07-18 00:42:42+00:00,usd_mxn,17.71,17.73,0.113
2024-07-18 00:42:43+00:00,usd_mxn,17.71,17.73,0.113
2024-07-18 00:42:44+00:00,usd_mxn,17.71,17.73,0.113
2024-07-18 00:42:45+00:00,usd_mxn,17.71,17.73,0.113
2024-07-18 00:42:46+00:00,usd_mxn,17.71,17.73,0.113
2024-07-18 00:42:47+00:00,usd_mxn,17.71,17.73,0.113
2024-07-18 00:42:48+00:00,usd_mxn,17.71,17.73,0.113
2024-07-18 00:42:49+00:00,usd_mxn,17.71,17.73,0.113
2024-07-18 00:42:50+00:00,usd_mxn,17.71,17.73,0.113
2024-07-18 00:42:51+00:00,usd_mxn,17.71,17.73,0.113
2024-07-18 00:42:52+00:00,usd_mxn,17.71,17.73,0.113
2024-07-18 00:42:53+00:00,usd_mxn,17.71,17.73,0.113
2024-07-18 00:42:54+00:00,usd_mxn,17.71,17.73,0.113
2024-07-18 00:42:55+00:00,usd_mxn,17.71,17.73,0.113
2024-07-18 00:42:56+00:00,usd_mxn,17.71,17.73,0.113
2024-07-18 00:42:57+00:00,usd_mxn,17.71,17.73,0.113
2024-07-18 00:42:58+00:00,usd_mxn,17.71,17.73,0.113
2024-07-18 00:42:59+00:00,usd_mxn,17.71,17.73,0.113
2024-07-18 00:43:00+00:00,usd_mxn,17.71,17.73,0.113
2024-07-18 00:43:01+00:00,usd_mxn,17.71,17.73,0.113
2024-07-18 00:43:02+00:00,usd_mxn,17.71,17.73,0.113
2024-07-18 00:43:03+00:00,usd_mxn,17.71,17.73,0.113
2024-07-18 00:43:04+00:00,usd_mxn,17.71,17.73,0.113
2024-07-18 00:43:05+00:00,usd_mxn,17.71,17.73,0.113
2024-07-18 00:43:06+00:00,usd_mxn,17.71,17.73,0.113
2024-07-18 00:43:07+00:00,usd_mxn,17.71,17.73,0.113
2024-07-18 00:43:08+00:00,usd_mxn,17.71,17.73,0.113
2024-07-18 00:43:09+00:00,usd_mxn,17.71,17.73,0.113
2024-07-18 00:43:10+00:00,usd_mxn,17.71,17.73,0.113
2024-07-18 00:43:11+00:00,usd_mxn,17.71,17.73,0.113
2024-07-18 00:43:12+00:00,usd_mxn,17.71,17.73,0.113
2024-07-18 00:43:13+00:00,usd_mxn,17.71,17.73,0.113
2024-07-18 00:43:14+00:00,usd_mxn,17.71,17.73,0.113
2024-07-18 00:43:15+00:00,usd_mxn,17.71,17.73,0.113
2024-07-18 00:43:16+00:00,usd_mxn,17.71,17.73,0.113
2024-07-18 00:43:17+00:00,usd_mxn,17.71,17.73,0.113
2024-07-18 00:43:18+00:00,usd_mxn,17.71,17.73,0.113
2024-07-18 00:43:19+00:00,usd_mxn,17.71,17.73,0.113
2024-07-18 00:43:20+00:00,usd_mxn,17.71,17.73,0.113
2024-07-18 00:43:21+00:00,usd_mxn,17.71,17.73,0.113
2024-07-18 00:43:22+00:00,usd_mxn,17.71,17.73,0.113
2024-07-18 00:43:23+00:00,usd_mxn,17.71,17.73,0.113
2024-07-18 00:43:24+00:00,usd_mxn,17.71,17.73,0.113
2024-07-18 00:43:25+00:00,usd_mxn,17.71,17.73,0.113
2024-07-18 00:43:26+00:00,usd_mxn,17.71,17.73,0.113
2024-07-18 00:43:27+00:00,usd_mxn,17.71,17.73,0.113
2024-07-18 00:43:28+00:00,usd_mxn,17.71,17.73,0.113
2024-07-18 00:43:29+00:00,usd_mxn,17.71,17.73,0.113
2024-07-18 00:43:30+00:00,usd_mxn,17.71,17.73,0.113
2024-07-18 00:43:32+00:00,usd_mxn,17.71,17.73,0.113
2024-07-18 00:43:33+00:00,usd_mxn,17.71,17.73,0.113
2024-07-18 00:43:34+00:00,usd_mxn,17.71,17.73,0.113
2024-07-18 00:43:35+00:00,usd_mxn,17.71,17.73,0.113
2024-07-18 00:43:36+00:00,usd_mxn,17.71,17.73,0.113
2024-07-18 00:43:37+00:00,usd_mxn,17.71,17.73,0.113
2024-07-18 00:43:38+00:00,usd_mxn,17.71,17.73,0.113
2024-07-18 00:43:39+00:00,usd_mxn,17.71,17.73,0.113
2024-07-18 00:43:40+00:00,usd_mxn,17.71,17.73,0.113
2024-07-18 00:43:41+00:00,usd_mxn,17.71,17.73,0.113
2024-07-18 00:43:42+00:00,usd_mxn,17.71,17.73,0.113
2024-07-18 00:43:43+00:00,usd_mxn,17.71,17.73,0.113
2024-07-18 00:43:44+00:00,usd_mxn,17.71,17.73,0.113
2024-07-18 00:43:45+00:00,usd_mxn,17.71,17.73,0.113
2024-07-18 00:43:46+00:00,usd_mxn,17.71,17.73,0.113
2024-07-18 00:43:47+00:00,usd_mxn,17.71,17.73,0.113
2024-07-18 00:43:48+00:00,usd_mxn,17.71,17.73,0.113
2024-07-18 00:43:49+00:00,usd_mxn,17.71,17.73,0.113
2024-07-18 00:43:50+00:00,usd_mxn,17.71,17.73,0.113
2024-07-18 00:43:51+00:00,usd_mxn,17.71,17.73,0.113
2024-07-18 00:43:52+00:00,usd_mxn,17.71,17.73,0.113
2024-07-18 00:43:53+00:00,usd_mxn,17.71,17.73,0.113
2024-07-18 00:43:54+00:00,usd_mxn,17.71,17.73,0.113
2024-07-18 00:43:55+00:00,usd_mxn,17.71,17.73,0.113
2024-07-18 00:43:56+00:00,usd_mxn,17.71,17.73,0.113
2024-07-18 00:43:57+00:00,usd_mxn,17.71,17.73,0.113
2024-07-18 00:43:58+00:00,usd_mxn,17.71,17.73,0.113
2024-07-18 00:43:59+00:00,usd_mxn,17.71,17.73,0.113
2024-07-18 00:44:00+00:00,usd_mxn,17.71,17.73,0.113
2024-07-18 00:44:01+00:00,usd_mxn,17.71,17.73,0.113
2024-07-18 00:44:02+00:00,usd_mxn,17.71,17.73,0.113
2024-07-18 00:44:03+00:00,usd_mxn,17.71,17.73,0.113
2024-07-18 00:44:04+00:00,usd_mxn,17.71,17.73,0.113
2024-07-18 00:44:05+00:00,usd_mxn,17.71,17.73,0.113
2024-07-18 00:44:06+00:00,usd_mxn,17.71,17.73,0.113
2024-07-18 00:44:07+00:00,usd_mxn,17.71,17.73,0.113
2024-07-18 00:44:08+00:00,usd_mxn,17.71,17.73,0.113
2024-07-18 00:44:09+00:00,usd_mxn,17.71,17.73,0.113
2024-07-18 00:44:10+00:00,usd_mxn,17.71,17.73,0.113
2024-07-18 00:44:11+00:00,usd_mxn,17.71,17.73,0.113
2024-07-18 00:44:12+00:00,usd_mxn,17.71,17.73,0.113
2024-07-18 00:44:13+00:00,usd_mxn,17.71,17.73,0.113
2024-07-18 00:44:14+00:00,usd_mxn,17.71,17.73,0.113
2024-07-18 00:44:15+00:00,usd_mxn,17.71,17.73,0.113
2024-07-18 00:44:16+00:00,usd_mxn,17.71,17.73,0.113
2024-07-18 00:44:17+00:00,usd_mxn,17.71,17.73,0.113
2024-07-18 00:44:18+00:00,usd_mxn,17.71,17.73,0.113
2024-07-18 00:44:19+00:00,usd_mxn,17.71,17.73,0.113
2024-07-18 00:44:20+00:00,usd_mxn,17.71,17.73,0.113
2024-07-18 00:44:21+00:00,usd_mxn,17.71,17.73,0.113
2024-07-18 00:44:22+00:00,usd_mxn,17.71,17.73,0.113
2024-07-18 00:44:23+00:00,usd_mxn,17.71,17.73,0.113
2024-07-18 00:44:24+00:00,usd_mxn,17.71,17.73,0.113
2024-07-18 00:44:25+00:00,usd_mxn,17.71,17.73,0.113
2024-07-18 00:44:26+00:00,usd_mxn,17.71,17.73,0.113
2024-07-18 00:44:27+00:00,usd_mxn,17.71,17.73,0.113
2024-07-18 00:44:28+00:00,usd_mxn,17.71,17.73,0.113
2024-07-18 00:44:29+00:00,usd_mxn,17.71,17.73,0.113
2024-07-18 00:44:30+00:00,usd_mxn,17.71,17.73,0.113
2024-07-18 00:44:31+00:00,usd_mxn,17.71,17.73,0.113
2024-07-18 00:44:32+00:00,usd_mxn,17.71,17.73,0.113
2024-07-18 00:44:34+00:00,usd_mxn,17.71,17.73,0.113
2024-07-18 00:44:34+00:00,usd_mxn,17.71,17.73,0.113
2024-07-18 00:44:35+00:00,usd_mxn,17.71,17.73,0.113
2024-07-18 00:44:36+00:00,usd_mxn,17.71,17.73,0.113
2024-07-18 00:44:37+00:00,usd_mxn,17.71,17.73,0.113
2024-07-18 00:44:38+00:00,usd_mxn,17.71,17.73,0.113
2024-07-18 00:44:39+00:00,usd_mxn,17.71,17.73,0.113
2024-07-18 00:44:40+00:00,usd_mxn,17.71,17.73,0.113
2024-07-18 00:44:41+00:00,usd_mxn,17.71,17.73,0.113
2024-07-18 00:44:42+00:00,usd_mxn,17.71,17.73,0.113
2024-07-18 00:44:43+00:00,usd_mxn,17.71,17.73,0.113
2024-07-18 00:44:44+00:00,usd_mxn,17.71,17.73,0.113
2024-07-18 00:44:45+00:00,usd_mxn,17.71,17.73,0.113
2024-07-18 00:44:47+00:00,usd_mxn,17.71,17.73,0.113
2024-07-18 00:44:48+00:00,usd_mxn,17.71,17.73,0.113
2024-07-18 00:44:48+00:00,usd_mxn,17.71,17.73,0.113
2024-07-18 00:44:50+00:00,usd_mxn,17.71,17.73,0.113
2024-07-18 00:44:51+00:00,usd_mxn,17.71,17.73,0.113
2024-07-18 00:44:52+00:00,usd_mxn,17.71,17.73,0.113
2024-07-18 00:44:53+00:00,usd_mxn,17.71,17.73,0.113
2024-07-18 00:44:54+00:00,usd_mxn,17.71,17.73,0.113
2024-07-18 00:44:55+00:00,usd_mxn,17.71,17.73,0.113
2024-07-18 00:44:56+00:00,usd_mxn,17.71,17.73,0.113
2024-07-18 00:44:57+00:00,usd_mxn,17.71,17.73,0.113
2024-07-18 00:44:58+00:00,usd_mxn,17.71,17.73,0.113
2024-07-18 00:44:59+00:00,usd_mxn,17.71,17.73,0.113
2024-07-18 00:45:00+00:00,usd_mxn,17.71,17.73,0.113
2024-07-18 00:45:01+00:00,usd_mxn,17.71,17.73,0.113
2024-07-18 00:45:02+00:00,usd_mxn,17.71,17.73,0.113
2024-07-18 00:45:03+00:00,usd_mxn,17.71,17.73,0.113
2024-07-18 00:45:04+00:00,usd_mxn,17.71,17.73,0.113
2024-07-18 00:45:05+00:00,usd_mxn,17.71,17.73,0.113
2024-07-18 00:45:06+00:00,usd_mxn,17.71,17.73,0.113
2024-07-18 00:45:07+00:00,usd_mxn,17.71,17.73,0.113
2024-07-18 00:45:08+00:00,usd_mxn,17.71,17.73,0.113
2024-07-18 00:45:09+00:00,usd_mxn,17.71,17.73,0.113
2024-07-18 00:45:10+00:00,usd_mxn,17.71,17.73,0.113
2024-07-18 00:45:11+00:00,usd_mxn,17.71,17.73,0.113
2024-07-18 00:45:12+00:00,usd_mxn,17.71,17.73,0.113
2024-07-18 00:45:13+00:00,usd_mxn,17.71,17.73,0.113
2024-07-18 00:45:14+00:00,usd_mxn,17.71,17.73,0.113
2024-07-18 00:45:15+00:00,usd_mxn,17.71,17.73,0.113
2024-07-18 00:45:16+00:00,usd_mxn,17.71,17.73,0.113
2024-07-18 00:45:17+00:00,usd_mxn,17.71,17.73,0.113
2024-07-18 00:45:18+00:00,usd_mxn,17.71,17.73,0.113
2024-07-18 00:45:19+00:00,usd_mxn,17.71,17.73,0.113
2024-07-18 00:45:20+00:00,usd_mxn,17.71,17.73,0.113
2024-07-18 00:45:21+00:00,usd_mxn,17.71,17.73,0.113
2024-07-18 00:45:22+00:00,usd_mxn,17.71,17.73,0.113
2024-07-18 00:45:23+00:00,usd_mxn,17.71,17.73,0.113
2024-07-18 00:45:24+00:00,usd_mxn,17.71,17.73,0.113
2024-07-18 00:45:25+00:00,usd_mxn,17.71,17.73,0.113
2024-07-18 00:45:26+00:00,usd_mxn,17.71,17.73,0.113
2024-07-18 00:45:27+00:00,usd_mxn,17.71,17.73,0.113
2024-07-18 00:45:28+00:00,usd_mxn,17.71,17.73,0.113
2024-07-18 00:45:29+00:00,usd_mxn,17.71,17.73,0.113
2024-07-18 00:45:30+00:00,usd_mxn,17.71,17.73,0.113
2024-07-18 00:45:31+00:00,usd_mxn,17.71,17.73,0.113
2024-07-18 00:45:32+00:00,usd_mxn,17.71,17.73,0.113
2024-07-18 00:45:33+00:00,usd_mxn,17.71,17.73,0.113
2024-07-18 00:45:34+00:00,usd_mxn,17.71,17.73,0.113
2024-07-18 00:45:35+00:00,usd_mxn,17.71,17.73,0.113
2024-07-18 00:45:36+00:00,usd_mxn,17.71,17.73,0.113
2024-07-18 00:45:37+00:00,usd_mxn,17.71,17.73,0.113
2024-07-18 00:45:38+00:00,usd_mxn,17.71,17.73,0.113
2024-07-18 00:45:39+00:00,usd_mxn,17.71,17.73,0.113
2024-07-18 00:45:40+00:00,usd_mxn,17.71,17.73,0.113
2024-07-18 00:45:41+00:00,usd_mxn,17.71,17.73,0.113
2024-07-18 00:45:42+00:00,usd_mxn,17.71,17.73,0.113
2024-07-18 00:45:43+00:00,usd_mxn,17.71,17.73,0.113
2024-07-18 00:45:44+00:00,usd_mxn,17.71,17.73,0.113
2024-07-18 00:45:45+00:00,usd_mxn,17.71,17.73,0.113
2024-07-18 00:45:46+00:00,usd_mxn,17.71,17.73,0.113
2024-07-18 00:45:47+00:00,usd_mxn,17.71,17.73,0.113
2024-07-18 00:45:48+00:00,usd_mxn,17.71,17.73,0.113
2024-07-18 00:45:49+00:00,usd_mxn,17.71,17.73,0.113
2024-07-18 00:45:50+00:00,usd_mxn,17.71,17.73,0.113
2024-07-18 00:45:51+00:00,usd_mxn,17.71,17.73,0.113
2024-07-18 00:45:52+00:00,usd_mxn,17.71,17.73,0.113
2024-07-18 00:45:53+00:00,usd_mxn,17.71,17.73,0.113
2024-07-18 00:45:54+00:00,usd_mxn,17.71,17.73,0.113
2024-07-18 00:45:55+00:00,usd_mxn,17.71,17.73,0.113
2024-07-18 00:45:56+00:00,usd_mxn,17.71,17.73,0.113
2024-07-18 00:45:57+00:00,usd_mxn,17.71,17.73,0.113
2024-07-18 00:45:58+00:00,usd_mxn,17.71,17.73,0.113
2024-07-18 00:45:59+00:00,usd_mxn,17.71,17.73,0.113
2024-07-18 00:46:01+00:00,usd_mxn,17.71,17.73,0.113
2024-07-18 00:46:02+00:00,usd_mxn,17.71,17.73,0.113
2024-07-18 00:46:03+00:00,usd_mxn,17.71,17.73,0.113
2024-07-18 00:46:04+00:00,usd_mxn,17.71,17.73,0.113
2024-07-18 00:46:05+00:00,usd_mxn,17.71,17.73,0.113
2024-07-18 00:46:06+00:00,usd_mxn,17.71,17.73,0.113
2024-07-18 00:46:07+00:00,usd_mxn,17.71,17.73,0.113
2024-07-18 00:46:08+00:00,usd_mxn,17.71,17.73,0.113
2024-07-18 00:46:09+00:00,usd_mxn,17.71,17.73,0.113
2024-07-18 00:46:10+00:00,usd_mxn,17.71,17.73,0.113
2024-07-18 00:46:11+00:00,usd_mxn,17.71,17.73,0.113
2024-07-18 00:46:12+00:00,usd_mxn,17.71,17.73,0.113
2024-07-18 00:46:13+00:00,usd_mxn,17.71,17.73,0.113
2024-07-18 00:46:14+00:00,usd_mxn,17.71,17.73,0.113
2024-07-18 00:46:15+00:00,usd_mxn,17.71,17.73,0.113
2024-07-18 00:46:16+00:00,usd_mxn,17.71,17.73,0.113
2024-07-18 00:46:17+00:00,usd_mxn,17.71,17.73,0.113
2024-07-18 00:46:18+00:00,usd_mxn,17.71,17.73,0.113
2024-07-18 00:46:19+00:00,usd_mxn,17.71,17.73,0.113
2024-07-18 00:46:20+00:00,usd_mxn,17.71,17.73,0.113
2024-07-18 00:46:21+00:00,usd_mxn,17.71,17.73,0.113
2024-07-18 00:46:22+00:00,usd_mxn,17.71,17.73,0.113
2024-07-18 00:46:23+00:00,usd_mxn,17.71,17.73,0.113
2024-07-18 00:46:24+00:00,usd_mxn,17.71,17.73,0.113
2024-07-18 00:46:25+00:00,usd_mxn,17.71,17.73,0.113
2024-07-18 00:46:26+00:00,usd_mxn,17.71,17.73,0.113
2024-07-18 00:46:27+00:00,usd_mxn,17.71,17.73,0.113
2024-07-18 00:46:28+00:00,usd_mxn,17.71,17.73,0.113
2024-07-18 00:46:29+00:00,usd_mxn,17.71,17.73,0.113
2024-07-18 00:46:30+00:00,usd_mxn,17.71,17.73,0.113
2024-07-18 00:46:31+00:00,usd_mxn,17.71,17.73,0.113
2024-07-18 00:46:32+00:00,usd_mxn,17.71,17.73,0.113
2024-07-18 00:46:33+00:00,usd_mxn,17.71,17.73,0.113
2024-07-18 00:46:34+00:00,usd_mxn,17.71,17.73,0.113
2024-07-18 00:46:35+00:00,usd_mxn,17.71,17.73,0.113
2024-07-18 00:46:36+00:00,usd_mxn,17.71,17.73,0.113
2024-07-18 00:46:37+00:00,usd_mxn,17.71,17.73,0.113
2024-07-18 00:46:38+00:00,usd_mxn,17.71,17.73,0.113
2024-07-18 00:46:39+00:00,usd_mxn,17.71,17.73,0.113
2024-07-18 00:46:40+00:00,usd_mxn,17.71,17.73,0.113
2024-07-18 00:46:41+00:00,usd_mxn,17.71,17.73,0.113
2024-07-18 00:46:42+00:00,usd_mxn,17.71,17.73,0.113
2024-07-18 00:46:43+00:00,usd_mxn,17.71,17.73,0.113
2024-07-18 00:46:44+00:00,usd_mxn,17.71,17.73,0.113
2024-07-18 00:46:45+00:00,usd_mxn,17.71,17.73,0.113
2024-07-18 00:46:46+00:00,usd_mxn,17.71,17.73,0.113
2024-07-18 00:46:47+00:00,usd_mxn,17.71,17.73,0.113
2024-07-18 00:46:48+00:00,usd_mxn,17.71,17.73,0.113
2024-07-18 00:46:49+00:00,usd_mxn,17.71,17.73,0.113
2024-07-18 00:46:50+00:00,usd_mxn,17.71,17.73,0.113
2024-07-18 00:46:51+00:00,usd_mxn,17.71,17.73,0.113
2024-07-18 00:46:53+00:00,usd_mxn,17.71,17.73,0.113
2024-07-18 00:46:54+00:00,usd_mxn,17.71,17.73,0.113
2024-07-18 00:46:55+00:00,usd_mxn,17.71,17.73,0.113
2024-07-18 00:46:56+00:00,usd_mxn,17.71,17.73,0.113
2024-07-18 00:46:57+00:00,usd_mxn,17.71,17.73,0.113
2024-07-18 00:46:58+00:00,usd_mxn,17.71,17.73,0.113
2024-07-18 00:46:59+00:00,usd_mxn,17.71,17.73,0.113
2024-07-18 00:47:00+00:00,usd_mxn,17.71,17.73,0.113
2024-07-18 00:47:01+00:00,usd_mxn,17.71,17.73,0.113
2024-07-18 00:47:02+00:00,usd_mxn,17.71,17.73,0.113
2024-07-18 00:47:03+00:00,usd_mxn,17.71,17.73,0.113
2024-07-18 00:47:04+00:00,usd_mxn,17.71,17.73,0.113
2024-07-18 00:47:05+00:00,usd_mxn,17.71,17.73,0.113
2024-07-18 00:47:06+00:00,usd_mxn,17.71,17.73,0.113
2024-07-18 00:47:07+00:00,usd_mxn,17.71,17.73,0.113
2024-07-18 00:47:08+00:00,usd_mxn,17.71,17.73,0.113
2024-07-18 00:47:09+00:00,usd_mxn,17.71,17.73,0.113
2024-07-18 00:47:10+00:00,usd_mxn,17.71,17.73,0.113
2024-07-18 00:47:11+00:00,usd_mxn,17.71,17.73,0.113
2024-07-18 00:47:12+00:00,usd_mxn,17.71,17.73,0.113
2024-07-18 00:47:13+00:00,usd_mxn,17.71,17.73,0.113
2024-07-18 00:47:14+00:00,usd_mxn,17.71,17.73,0.113
2024-07-18 00:47:15+00:00,usd_mxn,17.71,17.73,0.113
2024-07-18 00:47:16+00:00,usd_mxn,17.71,17.73,0.113
2024-07-18 00:47:17+00:00,usd_mxn,17.71,17.73,0.113
2024-07-18 00:47:18+00:00,usd_mxn,17.71,17.73,0.113
2024-07-18 00:47:19+00:00,usd_mxn,17.71,17.73,0.113
2024-07-18 00:47:20+00:00,usd_mxn,17.71,17.73,0.113
2024-07-18 00:47:21+00:00,usd_mxn,17.71,17.73,0.113
2024-07-18 00:47:22+00:00,usd_mxn,17.71,17.73,0.113
2024-07-18 00:47:23+00:00,usd_mxn,17.71,17.73,0.113
2024-07-18 00:47:24+00:00,usd_mxn,17.71,17.73,0.113
2024-07-18 00:47:25+00:00,usd_mxn,17.71,17.73,0.113
2024-07-18 00:47:26+00:00,usd_mxn,17.71,17.73,0.113
2024-07-18 00:47:27+00:00,usd_mxn,17.71,17.73,0.113
2024-07-18 00:47:28+00:00,usd_mxn,17.71,17.73,0.113
2024-07-18 00:47:29+00:00,usd_mxn,17.71,17.73,0.113
2024-07-18 00:47:30+00:00,usd_mxn,17.71,17.73,0.113
2024-07-18 00:47:31+00:00,usd_mxn,17.71,17.73,0.113
2024-07-18 00:47:32+00:00,usd_mxn,17.71,17.73,0.113
2024-07-18 00:47:33+00:00,usd_mxn,17.71,17.73,0.113
2024-07-18 00:47:34+00:00,usd_mxn,17.71,17.73,0.113
2024-07-18 00:47:35+00:00,usd_mxn,17.71,17.73,0.113
2024-07-18 00:47:36+00:00,usd_mxn,17.71,17.73,0.113
2024-07-18 00:47:37+00:00,usd_mxn,17.71,17.73,0.113
2024-07-18 00:47:38+00:00,usd_mxn,17.71,17.73,0.113
2024-07-18 00:47:39+00:00,usd_mxn,17.71,17.73,0.113
2024-07-18 00:47:40+00:00,usd_mxn,17.71,17.73,0.113
2024-07-18 00:47:41+00:00,usd_mxn,17.71,17.73,0.113
2024-07-18 00:47:42+00:00,usd_mxn,17.71,17.73,0.113
2024-07-18 00:47:43+00:00,usd_mxn,17.71,17.73,0.113
2024-07-18 00:47:44+00:00,usd_mxn,17.71,17.73,0.113
2024-07-18 00:47:45+00:00,usd_mxn,17.71,17.73,0.113
2024-07-18 00:47:46+00:00,usd_mxn,17.71,17.73,0.113
2024-07-18 00:47:47+00:00,usd_mxn,17.71,17.73,0.113
2024-07-18 00:47:48+00:00,usd_mxn,17.71,17.73,0.113
2024-07-18 00:47:49+00:00,usd_mxn,17.71,17.73,0.113
2024-07-18 00:47:50+00:00,usd_mxn,17.71,17.73,0.113
2024-07-18 00:47:51+00:00,usd_mxn,17.71,17.73,0.113
2024-07-18 00:47:52+00:00,usd_mxn,17.71,17.73,0.113
2024-07-18 00:47:53+00:00,usd_mxn,17.71,17.73,0.113
2024-07-18 00:47:54+00:00,usd_mxn,17.71,17.73,0.113
2024-07-18 00:47:55+00:00,usd_mxn,17.71,17.73,0.113
2024-07-18 00:47:56+00:00,usd_mxn,17.71,17.73,0.113
2024-07-18 00:47:57+00:00,usd_mxn,17.71,17.73,0.113
2024-07-18 00:47:58+00:00,usd_mxn,17.71,17.73,0.113
2024-07-18 00:47:59+00:00,usd_mxn,17.71,17.73,0.113
2024-07-18 00:48:00+00:00,usd_mxn,17.71,17.73,0.113
2024-07-18 00:48:01+00:00,usd_mxn,17.71,17.73,0.113
2024-07-18 00:48:02+00:00,usd_mxn,17.71,17.73,0.113
2024-07-18 00:48:03+00:00,usd_mxn,17.71,17.73,0.113
2024-07-18 00:48:04+00:00,usd_mxn,17.71,17.73,0.113
2024-07-18 00:48:05+00:00,usd_mxn,17.71,17.73,0.113
2024-07-18 00:48:06+00:00,usd_mxn,17.71,17.73,0.113
2024-07-18 00:48:08+00:00,usd_mxn,17.71,17.73,0.113
2024-07-18 00:48:09+00:00,usd_mxn,17.71,17.73,0.113
2024-07-18 00:48:10+00:00,usd_mxn,17.71,17.73,0.113
2024-07-18 00:48:11+00:00,usd_mxn,17.71,17.73,0.113
2024-07-18 00:48:12+00:00,usd_mxn,17.71,17.73,0.113
2024-07-18 00:48:14+00:00,usd_mxn,17.71,17.73,0.113
2024-07-18 00:48:15+00:00,usd_mxn,17.71,17.73,0.113
2024-07-18 00:48:16+00:00,usd_mxn,17.71,17.73,0.113
2024-07-18 00:48:17+00:00,usd_mxn,17.71,17.73,0.113
2024-07-18 00:48:18+00:00,usd_mxn,17.71,17.73,0.113
2024-07-18 00:48:19+00:00,usd_mxn,17.71,17.73,0.113
2024-07-18 00:48:20+00:00,usd_mxn,17.71,17.73,0.113
2024-07-18 00:48:21+00:00,usd_mxn,17.71,17.73,0.113
2024-07-18 00:48:22+00:00,usd_mxn,17.71,17.73,0.113
2024-07-18 00:48:23+00:00,usd_mxn,17.71,17.73,0.113
2024-07-18 00:48:24+00:00,usd_mxn,17.71,17.73,0.113
2024-07-18 00:48:25+00:00,usd_mxn,17.71,17.73,0.113
2024-07-18 00:48:26+00:00,usd_mxn,17.71,17.73,0.113
2024-07-18 00:48:27+00:00,usd_mxn,17.71,17.73,0.113
2024-07-18 00:48:28+00:00,usd_mxn,17.71,17.73,0.113
2024-07-18 00:48:29+00:00,usd_mxn,17.71,17.73,0.113
2024-07-18 00:48:30+00:00,usd_mxn,17.71,17.73,0.113
2024-07-18 00:48:31+00:00,usd_mxn,17.71,17.73,0.113
2024-07-18 00:48:32+00:00,usd_mxn,17.71,17.73,0.113
2024-07-18 00:48:33+00:00,usd_mxn,17.71,17.73,0.113
2024-07-18 00:48:34+00:00,usd_mxn,17.71,17.73,0.113
2024-07-18 00:48:35+00:00,usd_mxn,17.71,17.73,0.113
2024-07-18 00:48:36+00:00,usd_mxn,17.71,17.73,0.113
2024-07-18 00:48:37+00:00,usd_mxn,17.71,17.73,0.113
2024-07-18 00:48:38+00:00,usd_mxn,17.71,17.73,0.113
2024-07-18 00:48:39+00:00,usd_mxn,17.71,17.73,0.113
2024-07-18 00:48:40+00:00,usd_mxn,17.71,17.73,0.113
2024-07-18 00:48:41+00:00,usd_mxn,17.71,17.73,0.113
2024-07-18 00:48:42+00:00,usd_mxn,17.71,17.73,0.113
2024-07-18 00:48:43+00:00,usd_mxn,17.71,17.73,0.113
2024-07-18 00:48:44+00:00,usd_mxn,17.71,17.73,0.113
2024-07-18 00:48:45+00:00,usd_mxn,17.71,17.73,0.113
2024-07-18 00:48:46+00:00,usd_mxn,17.71,17.73,0.113
2024-07-18 00:48:47+00:00,usd_mxn,17.71,17.73,0.113
2024-07-18 00:48:48+00:00,usd_mxn,17.71,17.73,0.113
2024-07-18 00:48:49+00:00,usd_mxn,17.71,17.73,0.113
2024-07-18 00:48:50+00:00,usd_mxn,17.71,17.73,0.113
2024-07-18 00:48:51+00:00,usd_mxn,17.71,17.73,0.113
2024-07-18 00:48:52+00:00,usd_mxn,17.71,17.73,0.113
2024-07-18 00:48:53+00:00,usd_mxn,17.71,17.73,0.113
2024-07-18 00:48:54+00:00,usd_mxn,17.71,17.73,0.113
2024-07-18 00:48:55+00:00,usd_mxn,17.71,17.73,0.113
2024-07-18 00:48:56+00:00,usd_mxn,17.71,17.73,0.113
2024-07-18 00:48:57+00:00,usd_mxn,17.71,17.73,0.113
2024-07-18 00:48:58+00:00,usd_mxn,17.71,17.73,0.113
2024-07-18 00:48:59+00:00,usd_mxn,17.71,17.73,0.113
2024-07-18 00:49:00+00:00,usd_mxn,17.71,17.73,0.113
2024-07-18 00:49:01+00:00,usd_mxn,17.71,17.73,0.113
2024-07-18 00:49:02+00:00,usd_mxn,17.71,17.73,0.113
2024-07-18 00:49:03+00:00,usd_mxn,17.71,17.73,0.113
2024-07-18 00:49:04+00:00,usd_mxn,17.71,17.73,0.113
2024-07-18 00:49:05+00:00,usd_mxn,17.71,17.73,0.113
2024-07-18 00:49:06+00:00,usd_mxn,17.71,17.73,0.113
2024-07-18 00:49:07+00:00,usd_mxn,17.71,17.73,0.113
2024-07-18 00:49:08+00:00,usd_mxn,17.71,17.73,0.113
2024-07-18 00:49:09+00:00,usd_mxn,17.71,17.73,0.113
2024-07-18 00:49:10+00:00,usd_mxn,17.71,17.73,0.113
2024-07-18 00:49:11+00:00,usd_mxn,17.71,17.73,0.113
2024-07-18 00:49:12+00:00,usd_mxn,17.71,17.73,0.113
2024-07-18 00:49:13+00:00,usd_mxn,17.71,17.73,0.113
2024-07-18 00:49:14+00:00,usd_mxn,17.71,17.73,0.113
2024-07-18 00:49:15+00:00,usd_mxn,17.71,17.73,0.113
2024-07-18 00:49:16+00:00,usd_mxn,17.71,17.73,0.113
2024-07-18 00:49:18+00:00,usd_mxn,17.71,17.73,0.113
2024-07-18 00:49:19+00:00,usd_mxn,17.71,17.73,0.113
2024-07-18 00:49:20+00:00,usd_mxn,17.71,17.73,0.113
2024-07-18 00:49:21+00:00,usd_mxn,17.71,17.73,0.113
2024-07-18 00:49:22+00:00,usd_mxn,17.71,17.73,0.113
2024-07-18 00:49:23+00:00,usd_mxn,17.71,17.73,0.113
2024-07-18 00:49:24+00:00,usd_mxn,17.71,17.73,0.113
2024-07-18 00:49:25+00:00,usd_mxn,17.71,17.73,0.113
2024-07-18 00:49:26+00:00,usd_mxn,17.71,17.73,0.113
2024-07-18 00:49:27+00:00,usd_mxn,17.71,17.73,0.113
2024-07-18 00:49:28+00:00,usd_mxn,17.71,17.73,0.113
2024-07-18 00:49:29+00:00,usd_mxn,17.71,17.73,0.113
2024-07-18 00:49:30+00:00,usd_mxn,17.71,17.73,0.113
2024-07-18 00:49:31+00:00,usd_mxn,17.71,17.73,0.113
2024-07-18 00:49:32+00:00,usd_mxn,17.71,17.73,0.113
2024-07-18 00:49:33+00:00,usd_mxn,17.71,17.73,0.113
2024-07-18 00:49:34+00:00,usd_mxn,17.71,17.73,0.113
2024-07-18 00:49:35+00:00,usd_mxn,17.71,17.73,0.113
2024-07-18 00:49:36+00:00,usd_mxn,17.71,17.73,0.113
2024-07-18 00:49:37+00:00,usd_mxn,17.71,17.73,0.113
2024-07-18 00:49:38+00:00,usd_mxn,17.71,17.73,0.113
2024-07-18 00:49:39+00:00,usd_mxn,17.71,17.73,0.113
2024-07-18 00:49:40+00:00,usd_mxn,17.71,17.73,0.113
2024-07-18 00:49:41+00:00,usd_mxn,17.71,17.73,0.113
2024-07-18 00:49:42+00:00,usd_mxn,17.71,17.73,0.113
2024-07-18 00:49:43+00:00,usd_mxn,17.71,17.73,0.113
2024-07-18 00:49:44+00:00,usd_mxn,17.71,17.73,0.113
2024-07-18 00:49:45+00:00,usd_mxn,17.71,17.73,0.113
2024-07-18 00:49:46+00:00,usd_mxn,17.71,17.73,0.113
2024-07-18 00:49:47+00:00,usd_mxn,17.71,17.73,0.113
2024-07-18 00:49:48+00:00,usd_mxn,17.71,17.73,0.113
2024-07-18 00:49:49+00:00,usd_mxn,17.71,17.73,0.113
2024-07-18 00:49:50+00:00,usd_mxn,17.71,17.73,0.113
2024-07-18 00:49:51+00:00,usd_mxn,17.71,17.73,0.113
2024-07-18 00:49:52+00:00,usd_mxn,17.71,17.73,0.113
2024-07-18 00:49:53+00:00,usd_mxn,17.71,17.73,0.113
2024-07-18 00:49:54+00:00,usd_mxn,17.71,17.73,0.113
2024-07-18 00:49:55+00:00,usd_mxn,17.71,17.73,0.113
2024-07-18 00:49:56+00:00,usd_mxn,17.71,17.73,0.113
2024-07-18 00:49:57+00:00,usd_mxn,17.71,17.73,0.113
2024-07-18 00:49:58+00:00,usd_mxn,17.71,17.73,0.113
2024-07-18 00:49:59+00:00,usd_mxn,17.71,17.73,0.113
2024-07-18 00:50:00+00:00,usd_mxn,17.71,17.73,0.113
2024-07-18 00:50:01+00:00,usd_mxn,17.71,17.73,0.113
2024-07-18 00:50:02+00:00,usd_mxn,17.71,17.73,0.113
2024-07-18 00:50:03+00:00,usd_mxn,17.71,17.73,0.113
2024-07-18 00:50:04+00:00,usd_mxn,17.71,17.73,0.113
2024-07-18 00:50:05+00:00,usd_mxn,17.71,17.73,0.113
2024-07-18 00:50:06+00:00,usd_mxn,17.71,17.73,0.113
2024-07-18 00:50:07+00:00,usd_mxn,17.71,17.73,0.113
2024-07-18 00:50:08+00:00,usd_mxn,17.71,17.73,0.113
2024-07-18 00:50:09+00:00,usd_mxn,17.71,17.73,0.113
2024-07-18 00:50:10+00:00,usd_mxn,17.71,17.73,0.113
2024-07-18 00:50:11+00:00,usd_mxn,17.71,17.73,0.113
2024-07-18 00:50:12+00:00,usd_mxn,17.71,17.73,0.113
2024-07-18 00:50:13+00:00,usd_mxn,17.71,17.73,0.113
2024-07-18 00:50:14+00:00,usd_mxn,17.71,17.73,0.113
2024-07-18 00:50:15+00:00,usd_mxn,17.71,17.73,0.113
2024-07-18 00:50:16+00:00,usd_mxn,17.71,17.73,0.113
2024-07-18 00:50:17+00:00,usd_mxn,17.71,17.73,0.113
2024-07-18 00:50:18+00:00,usd_mxn,17.71,17.73,0.113
2024-07-18 00:50:19+00:00,usd_mxn,17.71,17.73,0.113
2024-07-18 00:50:20+00:00,usd_mxn,17.71,17.73,0.113
2024-07-18 00:50:21+00:00,usd_mxn,17.71,17.73,0.113
2024-07-18 00:50:22+00:00,usd_mxn,17.71,17.73,0.113
2024-07-18 00:50:24+00:00,usd_mxn,17.71,17.73,0.113
