orderbook_timestamp,book,bid,ask,spread
2024-07-17 02:10:14+00:00,usd_mxn,17.63,17.65,0.113
2024-07-17 02:10:15+00:00,usd_mxn,17.63,17.65,0.113
2024-07-17 02:10:16+00:00,usd_mxn,17.63,17.65,0.113
2024-07-17 02:10:17+00:00,usd_mxn,17.63,17.65,0.113
2024-07-17 02:10:18+00:00,usd_mxn,17.63,17.65,0.113
2024-07-17 02:10:19+00:00,usd_mxn,17.63,17.65,0.113
2024-07-17 02:10:20+00:00,usd_mxn,17.63,17.65,0.113
2024-07-17 02:10:21+00:00,usd_mxn,17.63,17.65,0.113
2024-07-17 02:10:22+00:00,usd_mxn,17.63,17.65,0.113
2024-07-17 02:10:23+00:00,usd_mxn,17.63,17.65,0.113
2024-07-17 02:10:24+00:00,usd_mxn,17.63,17.65,0.113
2024-07-17 02:10:25+00:00,usd_mxn,17.63,17.65,0.113
2024-07-17 02:10:27+00:00,usd_mxn,17.63,17.65,0.113
2024-07-17 02:10:27+00:00,usd_mxn,17.63,17.65,0.113
2024-07-17 02:10:28+00:00,usd_mxn,17.63,17.65,0.113
2024-07-17 02:10:29+00:00,usd_mxn,17.63,17.65,0.113
2024-07-17 02:10:30+00:00,usd_mxn,17.63,17.65,0.113
2024-07-17 02:10:31+00:00,usd_mxn,17.63,17.65,0.113
2024-07-17 02:10:32+00:00,usd_mxn,17.63,17.65,0.113
2024-07-17 02:10:33+00:00,usd_mxn,17.63,17.65,0.113
2024-07-17 02:10:34+00:00,usd_mxn,17.63,17.65,0.113
2024-07-17 02:10:35+00:00,usd_mxn,17.63,17.65,0.113
2024-07-17 02:10:36+00:00,usd_mxn,17.63,17.65,0.113
2024-07-17 02:10:37+00:00,usd_mxn,17.63,17.65,0.113
2024-07-17 02:10:38+00:00,usd_mxn,17.63,17.65,0.113
2024-07-17 02:10:39+00:00,usd_mxn,17.63,17.65,0.113
2024-07-17 02:10:40+00:00,usd_mxn,17.63,17.65,0.113
2024-07-17 02:10:41+00:00,usd_mxn,17.63,17.65,0.113
2024-07-17 02:10:42+00:00,usd_mxn,17.63,17.65,0.113
2024-07-17 02:10:43+00:00,usd_mxn,17.63,17.65,0.113
2024-07-17 02:10:44+00:00,usd_mxn,17.63,17.65,0.113
2024-07-17 02:10:45+00:00,usd_mxn,17.63,17.65,0.113
2024-07-17 02:10:46+00:00,usd_mxn,17.63,17.65,0.113
2024-07-17 02:10:47+00:00,usd_mxn,17.63,17.65,0.113
2024-07-17 02:10:48+00:00,usd_mxn,17.63,17.65,0.113
2024-07-17 02:10:49+00:00,usd_mxn,17.63,17.65,0.113
2024-07-17 02:10:50+00:00,usd_mxn,17.63,17.65,0.113
2024-07-17 02:10:51+00:00,usd_mxn,17.63,17.65,0.113
2024-07-17 02:10:52+00:00,usd_mxn,17.63,17.65,0.113
2024-07-17 02:10:53+00:00,usd_mxn,17.63,17.65,0.113
2024-07-17 02:10:54+00:00,usd_mxn,17.63,17.65,0.113
2024-07-17 02:10:55+00:00,usd_mxn,17.63,17.65,0.113
2024-07-17 02:10:56+00:00,usd_mxn,17.63,17.65,0.113
2024-07-17 02:10:57+00:00,usd_mxn,17.63,17.65,0.113
2024-07-17 02:10:58+00:00,usd_mxn,17.63,17.65,0.113
2024-07-17 02:11:00+00:00,usd_mxn,17.63,17.65,0.113
2024-07-17 02:11:00+00:00,usd_mxn,17.63,17.65,0.113
2024-07-17 02:11:01+00:00,usd_mxn,17.63,17.65,0.113
2024-07-17 02:11:02+00:00,usd_mxn,17.63,17.65,0.113
2024-07-17 02:11:03+00:00,usd_mxn,17.63,17.65,0.113
2024-07-17 02:11:04+00:00,usd_mxn,17.63,17.65,0.113
2024-07-17 02:11:05+00:00,usd_mxn,17.63,17.65,0.113
2024-07-17 02:11:06+00:00,usd_mxn,17.63,17.65,0.113
2024-07-17 02:11:08+00:00,usd_mxn,17.63,17.65,0.113
2024-07-17 02:11:09+00:00,usd_mxn,17.63,17.65,0.113
2024-07-17 02:11:10+00:00,usd_mxn,17.63,17.65,0.113
2024-07-17 02:11:11+00:00,usd_mxn,17.63,17.65,0.113
2024-07-17 02:11:12+00:00,usd_mxn,17.63,17.65,0.113
2024-07-17 02:11:13+00:00,usd_mxn,17.63,17.65,0.113
2024-07-17 02:11:14+00:00,usd_mxn,17.63,17.65,0.113
2024-07-17 02:11:15+00:00,usd_mxn,17.63,17.65,0.113
2024-07-17 02:11:16+00:00,usd_mxn,17.63,17.65,0.113
2024-07-17 02:11:17+00:00,usd_mxn,17.63,17.65,0.113
2024-07-17 02:11:18+00:00,usd_mxn,17.63,17.65,0.113
2024-07-17 02:11:19+00:00,usd_mxn,17.63,17.65,0.113
2024-07-17 02:11:20+00:00,usd_mxn,17.63,17.65,0.113
2024-07-17 02:11:21+00:00,usd_mxn,17.63,17.65,0.113
2024-07-17 02:11:22+00:00,usd_mxn,17.63,17.65,0.113
2024-07-17 02:11:23+00:00,usd_mxn,17.63,17.65,0.113
2024-07-17 02:11:24+00:00,usd_mxn,17.63,17.65,0.113
2024-07-17 02:11:25+00:00,usd_mxn,17.63,17.65,0.113
2024-07-17 02:11:26+00:00,usd_mxn,17.63,17.65,0.113
2024-07-17 02:11:27+00:00,usd_mxn,17.63,17.65,0.113
2024-07-17 02:11:28+00:00,usd_mxn,17.63,17.65,0.113
2024-07-17 02:11:29+00:00,usd_mxn,17.63,17.65,0.113
2024-07-17 02:11:30+00:00,usd_mxn,17.63,17.65,0.113
2024-07-17 02:11:31+00:00,usd_mxn,17.63,17.65,0.113
2024-07-17 02:11:32+00:00,usd_mxn,17.63,17.65,0.113
2024-07-17 02:11:33+00:00,usd_mxn,17.63,17.65,0.113
2024-07-17 02:11:34+00:00,usd_mxn,17.63,17.65,0.113
2024-07-17 02:11:35+00:00,usd_mxn,17.63,17.65,0.113
2024-07-17 02:11:36+00:00,usd_mxn,17.63,17.65,0.113
2024-07-17 02:11:37+00:00,usd_mxn,17.63,17.65,0.113
2024-07-17 02:11:38+00:00,usd_mxn,17.63,17.65,0.113
2024-07-17 02:11:39+00:00,usd_mxn,17.63,17.65,0.113
2024-07-17 02:11:40+00:00,usd_mxn,17.63,17.65,0.113
2024-07-17 02:11:41+00:00,usd_mxn,17.63,17.65,0.113
2024-07-17 02:11:42+00:00,usd_mxn,17.63,17.65,0.113
2024-07-17 02:11:43+00:00,usd_mxn,17.63,17.65,0.113
2024-07-17 02:11:44+00:00,usd_mxn,17.63,17.65,0.113
2024-07-17 02:11:45+00:00,usd_mxn,17.63,17.65,0.113
2024-07-17 02:11:46+00:00,usd_mxn,17.63,17.65,0.113
2024-07-17 02:11:47+00:00,usd_mxn,17.63,17.65,0.113
2024-07-17 02:11:48+00:00,usd_mxn,17.63,17.65,0.113
2024-07-17 02:11:49+00:00,usd_mxn,17.63,17.65,0.113
2024-07-17 02:11:50+00:00,usd_mxn,17.63,17.65,0.113
2024-07-17 02:11:51+00:00,usd_mxn,17.63,17.65,0.113
2024-07-17 02:11:52+00:00,usd_mxn,17.63,17.65,0.113
2024-07-17 02:11:53+00:00,usd_mxn,17.63,17.65,0.113
2024-07-17 02:11:55+00:00,usd_mxn,17.63,17.65,0.113
2024-07-17 02:11:55+00:00,usd_mxn,17.63,17.65,0.113
2024-07-17 02:11:56+00:00,usd_mxn,17.63,17.65,0.113
2024-07-17 02:11:57+00:00,usd_mxn,17.63,17.65,0.113
2024-07-17 02:11:58+00:00,usd_mxn,17.63,17.65,0.113
2024-07-17 02:11:59+00:00,usd_mxn,17.63,17.65,0.113
2024-07-17 02:12:00+00:00,usd_mxn,17.63,17.65,0.113
2024-07-17 02:12:01+00:00,usd_mxn,17.63,17.65,0.113
2024-07-17 02:12:02+00:00,usd_mxn,17.63,17.65,0.113
2024-07-17 02:12:04+00:00,usd_mxn,17.63,17.65,0.113
2024-07-17 02:12:05+00:00,usd_mxn,17.63,17.65,0.113
2024-07-17 02:12:06+00:00,usd_mxn,17.63,17.65,0.113
2024-07-17 02:12:07+00:00,usd_mxn,17.63,17.65,0.113
2024-07-17 02:12:08+00:00,usd_mxn,17.63,17.65,0.113
2024-07-17 02:12:09+00:00,usd_mxn,17.63,17.65,0.113
2024-07-17 02:12:10+00:00,usd_mxn,17.63,17.65,0.113
2024-07-17 02:12:11+00:00,usd_mxn,17.63,17.65,0.113
2024-07-17 02:12:12+00:00,usd_mxn,17.63,17.65,0.113
2024-07-17 02:12:13+00:00,usd_mxn,17.63,17.65,0.113
2024-07-17 02:12:14+00:00,usd_mxn,17.63,17.65,0.113
2024-07-17 02:12:15+00:00,usd_mxn,17.63,17.65,0.113
2024-07-17 02:12:16+00:00,usd_mxn,17.63,17.65,0.113
2024-07-17 02:12:17+00:00,usd_mxn,17.63,17.65,0.113
2024-07-17 02:12:18+00:00,usd_mxn,17.63,17.65,0.113
2024-07-17 02:12:19+00:00,usd_mxn,17.63,17.65,0.113
2024-07-17 02:12:20+00:00,usd_mxn,17.63,17.65,0.113
2024-07-17 02:12:21+00:00,usd_mxn,17.63,17.65,0.113
2024-07-17 02:12:22+00:00,usd_mxn,17.63,17.65,0.113
2024-07-17 02:12:23+00:00,usd_mxn,17.63,17.65,0.113
2024-07-17 02:12:24+00:00,usd_mxn,17.63,17.65,0.113
2024-07-17 02:12:25+00:00,usd_mxn,17.63,17.65,0.113
2024-07-17 02:12:26+00:00,usd_mxn,17.63,17.65,0.113
2024-07-17 02:12:27+00:00,usd_mxn,17.63,17.65,0.113
2024-07-17 02:12:28+00:00,usd_mxn,17.63,17.65,0.113
2024-07-17 02:12:29+00:00,usd_mxn,17.63,17.65,0.113
2024-07-17 02:12:30+00:00,usd_mxn,17.63,17.65,0.113
2024-07-17 02:12:31+00:00,usd_mxn,17.63,17.65,0.113
2024-07-17 02:12:32+00:00,usd_mxn,17.63,17.65,0.113
2024-07-17 02:12:33+00:00,usd_mxn,17.63,17.65,0.113
2024-07-17 02:12:34+00:00,usd_mxn,17.63,17.65,0.113
2024-07-17 02:12:35+00:00,usd_mxn,17.63,17.65,0.113
2024-07-17 02:12:36+00:00,usd_mxn,17.63,17.65,0.113
2024-07-17 02:12:37+00:00,usd_mxn,17.63,17.65,0.113
2024-07-17 02:12:38+00:00,usd_mxn,17.63,17.65,0.113
2024-07-17 02:12:39+00:00,usd_mxn,17.63,17.65,0.113
2024-07-17 02:12:40+00:00,usd_mxn,17.63,17.65,0.113
2024-07-17 02:12:41+00:00,usd_mxn,17.63,17.65,0.113
2024-07-17 02:12:42+00:00,usd_mxn,17.63,17.65,0.113
2024-07-17 02:12:43+00:00,usd_mxn,17.63,17.65,0.113
2024-07-17 02:12:44+00:00,usd_mxn,17.63,17.65,0.113
2024-07-17 02:12:45+00:00,usd_mxn,17.63,17.65,0.113
2024-07-17 02:12:46+00:00,usd_mxn,17.63,17.65,0.113
2024-07-17 02:12:47+00:00,usd_mxn,17.63,17.66,0.17
2024-07-17 02:12:48+00:00,usd_mxn,17.63,17.66,0.17
2024-07-17 02:12:49+00:00,usd_mxn,17.63,17.66,0.17
2024-07-17 02:12:50+00:00,usd_mxn,17.63,17.66,0.17
2024-07-17 02:12:51+00:00,usd_mxn,17.63,17.66,0.17
2024-07-17 02:12:52+00:00,usd_mxn,17.63,17.66,0.17
2024-07-17 02:12:53+00:00,usd_mxn,17.63,17.66,0.17
2024-07-17 02:12:54+00:00,usd_mxn,17.63,17.66,0.17
2024-07-17 02:12:55+00:00,usd_mxn,17.63,17.66,0.17
2024-07-17 02:12:56+00:00,usd_mxn,17.63,17.66,0.17
2024-07-17 02:12:57+00:00,usd_mxn,17.63,17.66,0.17
2024-07-17 02:12:58+00:00,usd_mxn,17.63,17.66,0.17
2024-07-17 02:12:59+00:00,usd_mxn,17.63,17.66,0.17
2024-07-17 02:13:00+00:00,usd_mxn,17.63,17.66,0.17
2024-07-17 02:13:01+00:00,usd_mxn,17.63,17.66,0.17
2024-07-17 02:13:02+00:00,usd_mxn,17.63,17.66,0.17
2024-07-17 02:13:03+00:00,usd_mxn,17.63,17.66,0.17
2024-07-17 02:13:04+00:00,usd_mxn,17.63,17.66,0.17
2024-07-17 02:13:05+00:00,usd_mxn,17.63,17.66,0.17
2024-07-17 02:13:06+00:00,usd_mxn,17.63,17.66,0.17
2024-07-17 02:13:08+00:00,usd_mxn,17.63,17.66,0.17
2024-07-17 02:13:09+00:00,usd_mxn,17.63,17.66,0.17
2024-07-17 02:13:09+00:00,usd_mxn,17.63,17.66,0.17
2024-07-17 02:13:11+00:00,usd_mxn,17.63,17.66,0.17
2024-07-17 02:13:12+00:00,usd_mxn,17.63,17.66,0.17
2024-07-17 02:13:12+00:00,usd_mxn,17.63,17.66,0.17
2024-07-17 02:13:14+00:00,usd_mxn,17.63,17.66,0.17
2024-07-17 02:13:15+00:00,usd_mxn,17.63,17.66,0.17
2024-07-17 02:13:16+00:00,usd_mxn,17.63,17.66,0.17
2024-07-17 02:13:17+00:00,usd_mxn,17.63,17.66,0.17
2024-07-17 02:13:18+00:00,usd_mxn,17.63,17.66,0.17
2024-07-17 02:13:19+00:00,usd_mxn,17.63,17.66,0.17
2024-07-17 02:13:20+00:00,usd_mxn,17.63,17.66,0.17
2024-07-17 02:13:21+00:00,usd_mxn,17.63,17.66,0.17
2024-07-17 02:13:22+00:00,usd_mxn,17.63,17.66,0.17
2024-07-17 02:13:23+00:00,usd_mxn,17.63,17.66,0.17
2024-07-17 02:13:24+00:00,usd_mxn,17.63,17.66,0.17
2024-07-17 02:13:25+00:00,usd_mxn,17.63,17.66,0.17
2024-07-17 02:13:26+00:00,usd_mxn,17.63,17.66,0.17
2024-07-17 02:13:27+00:00,usd_mxn,17.63,17.66,0.17
2024-07-17 02:13:28+00:00,usd_mxn,17.63,17.66,0.17
2024-07-17 02:13:29+00:00,usd_mxn,17.63,17.66,0.17
2024-07-17 02:13:30+00:00,usd_mxn,17.63,17.66,0.17
2024-07-17 02:13:31+00:00,usd_mxn,17.63,17.66,0.17
2024-07-17 02:13:32+00:00,usd_mxn,17.63,17.66,0.17
2024-07-17 02:13:33+00:00,usd_mxn,17.63,17.66,0.17
2024-07-17 02:13:34+00:00,usd_mxn,17.63,17.66,0.17
2024-07-17 02:13:35+00:00,usd_mxn,17.63,17.66,0.17
2024-07-17 02:13:36+00:00,usd_mxn,17.63,17.66,0.17
2024-07-17 02:13:37+00:00,usd_mxn,17.63,17.66,0.17
2024-07-17 02:13:38+00:00,usd_mxn,17.63,17.66,0.17
2024-07-17 02:13:39+00:00,usd_mxn,17.63,17.66,0.17
2024-07-17 02:13:40+00:00,usd_mxn,17.63,17.66,0.17
2024-07-17 02:13:41+00:00,usd_mxn,17.63,17.66,0.17
2024-07-17 02:13:42+00:00,usd_mxn,17.63,17.66,0.17
2024-07-17 02:13:43+00:00,usd_mxn,17.63,17.66,0.17
2024-07-17 02:13:44+00:00,usd_mxn,17.63,17.66,0.17
2024-07-17 02:13:45+00:00,usd_mxn,17.63,17.66,0.17
2024-07-17 02:13:46+00:00,usd_mxn,17.63,17.66,0.17
2024-07-17 02:13:47+00:00,usd_mxn,17.63,17.66,0.17
2024-07-17 02:13:48+00:00,usd_mxn,17.63,17.66,0.17
2024-07-17 02:13:49+00:00,usd_mxn,17.63,17.66,0.17
2024-07-17 02:13:50+00:00,usd_mxn,17.63,17.66,0.17
2024-07-17 02:13:51+00:00,usd_mxn,17.63,17.66,0.17
2024-07-17 02:13:52+00:00,usd_mxn,17.63,17.66,0.17
2024-07-17 02:13:53+00:00,usd_mxn,17.63,17.66,0.17
2024-07-17 02:13:55+00:00,usd_mxn,17.63,17.66,0.17
2024-07-17 02:13:56+00:00,usd_mxn,17.63,17.66,0.17
2024-07-17 02:13:57+00:00,usd_mxn,17.63,17.66,0.17
2024-07-17 02:13:58+00:00,usd_mxn,17.63,17.66,0.17
2024-07-17 02:13:58+00:00,usd_mxn,17.63,17.66,0.17
2024-07-17 02:14:00+00:00,usd_mxn,17.63,17.66,0.17
2024-07-17 02:14:01+00:00,usd_mxn,17.63,17.66,0.17
2024-07-17 02:14:02+00:00,usd_mxn,17.63,17.66,0.17
2024-07-17 02:14:03+00:00,usd_mxn,17.63,17.66,0.17
2024-07-17 02:14:04+00:00,usd_mxn,17.63,17.66,0.17
2024-07-17 02:14:05+00:00,usd_mxn,17.63,17.66,0.17
2024-07-17 02:14:06+00:00,usd_mxn,17.63,17.66,0.17
2024-07-17 02:14:07+00:00,usd_mxn,17.63,17.66,0.17
2024-07-17 02:14:08+00:00,usd_mxn,17.63,17.66,0.17
2024-07-17 02:14:09+00:00,usd_mxn,17.63,17.66,0.17
2024-07-17 02:14:10+00:00,usd_mxn,17.63,17.66,0.17
2024-07-17 02:14:11+00:00,usd_mxn,17.63,17.66,0.17
2024-07-17 02:14:12+00:00,usd_mxn,17.63,17.66,0.17
2024-07-17 02:14:13+00:00,usd_mxn,17.63,17.66,0.17
2024-07-17 02:14:14+00:00,usd_mxn,17.63,17.66,0.17
2024-07-17 02:14:15+00:00,usd_mxn,17.63,17.66,0.17
2024-07-17 02:14:16+00:00,usd_mxn,17.63,17.66,0.17
2024-07-17 02:14:17+00:00,usd_mxn,17.63,17.66,0.17
2024-07-17 02:14:18+00:00,usd_mxn,17.63,17.66,0.17
2024-07-17 02:14:19+00:00,usd_mxn,17.63,17.66,0.17
2024-07-17 02:14:20+00:00,usd_mxn,17.63,17.66,0.17
2024-07-17 02:14:21+00:00,usd_mxn,17.63,17.66,0.17
2024-07-17 02:14:22+00:00,usd_mxn,17.63,17.66,0.17
2024-07-17 02:14:23+00:00,usd_mxn,17.63,17.66,0.17
2024-07-17 02:14:24+00:00,usd_mxn,17.63,17.66,0.17
2024-07-17 02:14:25+00:00,usd_mxn,17.63,17.66,0.17
2024-07-17 02:14:26+00:00,usd_mxn,17.63,17.66,0.17
2024-07-17 02:14:27+00:00,usd_mxn,17.63,17.66,0.17
2024-07-17 02:14:28+00:00,usd_mxn,17.63,17.66,0.17
2024-07-17 02:14:29+00:00,usd_mxn,17.63,17.66,0.17
2024-07-17 02:14:30+00:00,usd_mxn,17.63,17.66,0.17
2024-07-17 02:14:31+00:00,usd_mxn,17.63,17.66,0.17
2024-07-17 02:14:32+00:00,usd_mxn,17.63,17.66,0.17
2024-07-17 02:14:33+00:00,usd_mxn,17.63,17.66,0.17
2024-07-17 02:14:34+00:00,usd_mxn,17.63,17.66,0.17
2024-07-17 02:14:35+00:00,usd_mxn,17.63,17.66,0.17
2024-07-17 02:14:37+00:00,usd_mxn,17.63,17.66,0.17
2024-07-17 02:14:37+00:00,usd_mxn,17.63,17.66,0.17
2024-07-17 02:14:38+00:00,usd_mxn,17.63,17.66,0.17
2024-07-17 02:14:39+00:00,usd_mxn,17.63,17.66,0.17
2024-07-17 02:14:40+00:00,usd_mxn,17.63,17.66,0.17
2024-07-17 02:14:41+00:00,usd_mxn,17.63,17.66,0.17
2024-07-17 02:14:42+00:00,usd_mxn,17.63,17.66,0.17
2024-07-17 02:14:43+00:00,usd_mxn,17.63,17.66,0.17
2024-07-17 02:14:44+00:00,usd_mxn,17.63,17.66,0.17
2024-07-17 02:14:45+00:00,usd_mxn,17.63,17.66,0.17
2024-07-17 02:14:46+00:00,usd_mxn,17.63,17.66,0.17
2024-07-17 02:14:47+00:00,usd_mxn,17.63,17.66,0.17
2024-07-17 02:14:48+00:00,usd_mxn,17.63,17.66,0.17
2024-07-17 02:14:49+00:00,usd_mxn,17.63,17.66,0.17
2024-07-17 02:14:50+00:00,usd_mxn,17.63,17.66,0.17
2024-07-17 02:14:51+00:00,usd_mxn,17.63,17.66,0.17
2024-07-17 02:14:52+00:00,usd_mxn,17.63,17.66,0.17
2024-07-17 02:14:53+00:00,usd_mxn,17.63,17.66,0.17
2024-07-17 02:14:54+00:00,usd_mxn,17.63,17.66,0.17
2024-07-17 02:14:55+00:00,usd_mxn,17.63,17.66,0.17
2024-07-17 02:14:56+00:00,usd_mxn,17.63,17.66,0.17
2024-07-17 02:14:57+00:00,usd_mxn,17.63,17.66,0.17
2024-07-17 02:14:58+00:00,usd_mxn,17.63,17.66,0.17
2024-07-17 02:14:59+00:00,usd_mxn,17.63,17.66,0.17
2024-07-17 02:15:00+00:00,usd_mxn,17.63,17.66,0.17
2024-07-17 02:15:01+00:00,usd_mxn,17.63,17.66,0.17
2024-07-17 02:15:02+00:00,usd_mxn,17.63,17.66,0.17
2024-07-17 02:15:03+00:00,usd_mxn,17.63,17.66,0.17
2024-07-17 02:15:05+00:00,usd_mxn,17.63,17.66,0.17
2024-07-17 02:15:05+00:00,usd_mxn,17.63,17.66,0.17
2024-07-17 02:15:06+00:00,usd_mxn,17.63,17.66,0.17
2024-07-17 02:15:07+00:00,usd_mxn,17.63,17.66,0.17
2024-07-17 02:15:09+00:00,usd_mxn,17.63,17.66,0.17
2024-07-17 02:15:10+00:00,usd_mxn,17.63,17.66,0.17
2024-07-17 02:15:11+00:00,usd_mxn,17.63,17.66,0.17
2024-07-17 02:15:11+00:00,usd_mxn,17.63,17.66,0.17
2024-07-17 02:15:13+00:00,usd_mxn,17.63,17.66,0.17
2024-07-17 02:15:14+00:00,usd_mxn,17.63,17.66,0.17
2024-07-17 02:15:15+00:00,usd_mxn,17.63,17.66,0.17
2024-07-17 02:15:16+00:00,usd_mxn,17.63,17.66,0.17
2024-07-17 02:15:17+00:00,usd_mxn,17.63,17.66,0.17
2024-07-17 02:15:18+00:00,usd_mxn,17.63,17.66,0.17
2024-07-17 02:15:19+00:00,usd_mxn,17.63,17.66,0.17
2024-07-17 02:15:20+00:00,usd_mxn,17.63,17.66,0.17
2024-07-17 02:15:21+00:00,usd_mxn,17.63,17.66,0.17
2024-07-17 02:15:22+00:00,usd_mxn,17.63,17.66,0.17
2024-07-17 02:15:23+00:00,usd_mxn,17.63,17.66,0.17
2024-07-17 02:15:24+00:00,usd_mxn,17.63,17.66,0.17
2024-07-17 02:15:25+00:00,usd_mxn,17.63,17.66,0.17
2024-07-17 02:15:26+00:00,usd_mxn,17.63,17.66,0.17
2024-07-17 02:15:27+00:00,usd_mxn,17.63,17.66,0.17
2024-07-17 02:15:28+00:00,usd_mxn,17.63,17.66,0.17
2024-07-17 02:15:29+00:00,usd_mxn,17.63,17.66,0.17
2024-07-17 02:15:30+00:00,usd_mxn,17.63,17.66,0.17
2024-07-17 02:15:31+00:00,usd_mxn,17.63,17.66,0.17
2024-07-17 02:15:32+00:00,usd_mxn,17.63,17.66,0.17
2024-07-17 02:15:33+00:00,usd_mxn,17.63,17.66,0.17
2024-07-17 02:15:34+00:00,usd_mxn,17.63,17.66,0.17
2024-07-17 02:15:35+00:00,usd_mxn,17.63,17.66,0.17
2024-07-17 02:15:36+00:00,usd_mxn,17.63,17.66,0.17
2024-07-17 02:15:37+00:00,usd_mxn,17.63,17.66,0.17
2024-07-17 02:15:38+00:00,usd_mxn,17.63,17.66,0.17
2024-07-17 02:15:39+00:00,usd_mxn,17.63,17.66,0.17
2024-07-17 02:15:40+00:00,usd_mxn,17.63,17.66,0.17
2024-07-17 02:15:41+00:00,usd_mxn,17.63,17.66,0.17
2024-07-17 02:15:42+00:00,usd_mxn,17.63,17.66,0.17
2024-07-17 02:15:43+00:00,usd_mxn,17.63,17.66,0.17
2024-07-17 02:15:44+00:00,usd_mxn,17.63,17.66,0.17
2024-07-17 02:15:45+00:00,usd_mxn,17.63,17.66,0.17
2024-07-17 02:15:46+00:00,usd_mxn,17.63,17.66,0.17
2024-07-17 02:15:47+00:00,usd_mxn,17.63,17.66,0.17
2024-07-17 02:15:48+00:00,usd_mxn,17.63,17.66,0.17
2024-07-17 02:15:49+00:00,usd_mxn,17.63,17.66,0.17
2024-07-17 02:15:50+00:00,usd_mxn,17.63,17.66,0.17
2024-07-17 02:15:51+00:00,usd_mxn,17.63,17.66,0.17
2024-07-17 02:15:52+00:00,usd_mxn,17.63,17.66,0.17
2024-07-17 02:15:53+00:00,usd_mxn,17.63,17.66,0.17
2024-07-17 02:15:54+00:00,usd_mxn,17.63,17.66,0.17
2024-07-17 02:15:55+00:00,usd_mxn,17.63,17.66,0.17
2024-07-17 02:15:56+00:00,usd_mxn,17.63,17.66,0.17
2024-07-17 02:15:57+00:00,usd_mxn,17.63,17.66,0.17
2024-07-17 02:15:58+00:00,usd_mxn,17.63,17.66,0.17
2024-07-17 02:15:59+00:00,usd_mxn,17.63,17.66,0.17
2024-07-17 02:16:00+00:00,usd_mxn,17.63,17.66,0.17
2024-07-17 02:16:01+00:00,usd_mxn,17.63,17.66,0.17
2024-07-17 02:16:02+00:00,usd_mxn,17.63,17.66,0.17
2024-07-17 02:16:03+00:00,usd_mxn,17.63,17.66,0.17
2024-07-17 02:16:04+00:00,usd_mxn,17.63,17.66,0.17
2024-07-17 02:16:05+00:00,usd_mxn,17.63,17.66,0.17
2024-07-17 02:16:06+00:00,usd_mxn,17.63,17.66,0.17
2024-07-17 02:16:07+00:00,usd_mxn,17.63,17.66,0.17
2024-07-17 02:16:08+00:00,usd_mxn,17.63,17.66,0.17
2024-07-17 02:16:09+00:00,usd_mxn,17.63,17.66,0.17
2024-07-17 02:16:10+00:00,usd_mxn,17.63,17.66,0.17
2024-07-17 02:16:11+00:00,usd_mxn,17.63,17.66,0.17
2024-07-17 02:16:12+00:00,usd_mxn,17.63,17.66,0.17
2024-07-17 02:16:13+00:00,usd_mxn,17.63,17.66,0.17
2024-07-17 02:16:14+00:00,usd_mxn,17.63,17.66,0.17
2024-07-17 02:16:15+00:00,usd_mxn,17.63,17.66,0.17
2024-07-17 02:16:16+00:00,usd_mxn,17.63,17.66,0.17
2024-07-17 02:16:17+00:00,usd_mxn,17.63,17.66,0.17
2024-07-17 02:16:18+00:00,usd_mxn,17.63,17.66,0.17
2024-07-17 02:16:19+00:00,usd_mxn,17.63,17.66,0.17
2024-07-17 02:16:20+00:00,usd_mxn,17.63,17.66,0.17
2024-07-17 02:16:21+00:00,usd_mxn,17.63,17.66,0.17
2024-07-17 02:16:22+00:00,usd_mxn,17.63,17.66,0.17
2024-07-17 02:16:24+00:00,usd_mxn,17.63,17.66,0.17
2024-07-17 02:16:24+00:00,usd_mxn,17.63,17.66,0.17
2024-07-17 02:16:25+00:00,usd_mxn,17.63,17.66,0.17
2024-07-17 02:16:26+00:00,usd_mxn,17.63,17.66,0.17
2024-07-17 02:16:27+00:00,usd_mxn,17.63,17.66,0.17
2024-07-17 02:16:29+00:00,usd_mxn,17.63,17.66,0.17
2024-07-17 02:16:30+00:00,usd_mxn,17.63,17.66,0.17
2024-07-17 02:16:31+00:00,usd_mxn,17.63,17.66,0.17
2024-07-17 02:16:32+00:00,usd_mxn,17.63,17.66,0.17
2024-07-17 02:16:33+00:00,usd_mxn,17.63,17.66,0.17
2024-07-17 02:16:34+00:00,usd_mxn,17.63,17.66,0.17
2024-07-17 02:16:35+00:00,usd_mxn,17.63,17.66,0.17
2024-07-17 02:16:36+00:00,usd_mxn,17.63,17.66,0.17
2024-07-17 02:16:37+00:00,usd_mxn,17.63,17.66,0.17
2024-07-17 02:16:38+00:00,usd_mxn,17.63,17.66,0.17
2024-07-17 02:16:39+00:00,usd_mxn,17.63,17.66,0.17
2024-07-17 02:16:40+00:00,usd_mxn,17.63,17.66,0.17
2024-07-17 02:16:41+00:00,usd_mxn,17.63,17.66,0.17
2024-07-17 02:16:42+00:00,usd_mxn,17.63,17.66,0.17
2024-07-17 02:16:43+00:00,usd_mxn,17.63,17.66,0.17
2024-07-17 02:16:44+00:00,usd_mxn,17.63,17.66,0.17
2024-07-17 02:16:45+00:00,usd_mxn,17.63,17.66,0.17
2024-07-17 02:16:46+00:00,usd_mxn,17.63,17.66,0.17
2024-07-17 02:16:47+00:00,usd_mxn,17.63,17.66,0.17
2024-07-17 02:16:48+00:00,usd_mxn,17.63,17.66,0.17
2024-07-17 02:16:49+00:00,usd_mxn,17.63,17.66,0.17
2024-07-17 02:16:50+00:00,usd_mxn,17.63,17.66,0.17
2024-07-17 02:16:51+00:00,usd_mxn,17.63,17.66,0.17
2024-07-17 02:16:52+00:00,usd_mxn,17.63,17.66,0.17
2024-07-17 02:16:53+00:00,usd_mxn,17.63,17.66,0.17
2024-07-17 02:16:54+00:00,usd_mxn,17.63,17.66,0.17
2024-07-17 02:16:55+00:00,usd_mxn,17.63,17.66,0.17
2024-07-17 02:16:56+00:00,usd_mxn,17.63,17.66,0.17
2024-07-17 02:16:57+00:00,usd_mxn,17.63,17.66,0.17
2024-07-17 02:16:58+00:00,usd_mxn,17.63,17.66,0.17
2024-07-17 02:16:59+00:00,usd_mxn,17.63,17.66,0.17
2024-07-17 02:17:00+00:00,usd_mxn,17.63,17.66,0.17
2024-07-17 02:17:01+00:00,usd_mxn,17.63,17.66,0.17
2024-07-17 02:17:02+00:00,usd_mxn,17.63,17.66,0.17
2024-07-17 02:17:03+00:00,usd_mxn,17.63,17.66,0.17
2024-07-17 02:17:04+00:00,usd_mxn,17.63,17.66,0.17
2024-07-17 02:17:05+00:00,usd_mxn,17.63,17.66,0.17
2024-07-17 02:17:06+00:00,usd_mxn,17.63,17.66,0.17
2024-07-17 02:17:07+00:00,usd_mxn,17.63,17.66,0.17
2024-07-17 02:17:08+00:00,usd_mxn,17.63,17.66,0.17
2024-07-17 02:17:09+00:00,usd_mxn,17.63,17.66,0.17
2024-07-17 02:17:10+00:00,usd_mxn,17.63,17.66,0.17
2024-07-17 02:17:11+00:00,usd_mxn,17.63,17.66,0.17
2024-07-17 02:17:12+00:00,usd_mxn,17.63,17.66,0.17
2024-07-17 02:17:13+00:00,usd_mxn,17.63,17.66,0.17
2024-07-17 02:17:14+00:00,usd_mxn,17.63,17.66,0.17
2024-07-17 02:17:15+00:00,usd_mxn,17.63,17.66,0.17
2024-07-17 02:17:16+00:00,usd_mxn,17.63,17.66,0.17
2024-07-17 02:17:17+00:00,usd_mxn,17.63,17.66,0.17
2024-07-17 02:17:18+00:00,usd_mxn,17.63,17.66,0.17
2024-07-17 02:17:19+00:00,usd_mxn,17.63,17.66,0.17
2024-07-17 02:17:20+00:00,usd_mxn,17.63,17.64,0.057
2024-07-17 02:17:21+00:00,usd_mxn,17.63,17.64,0.057
2024-07-17 02:17:23+00:00,usd_mxn,17.63,17.64,0.057
2024-07-17 02:17:23+00:00,usd_mxn,17.63,17.64,0.057
2024-07-17 02:17:24+00:00,usd_mxn,17.63,17.64,0.057
2024-07-17 02:17:25+00:00,usd_mxn,17.63,17.64,0.057
2024-07-17 02:17:26+00:00,usd_mxn,17.63,17.64,0.057
2024-07-17 02:17:28+00:00,usd_mxn,17.63,17.64,0.057
2024-07-17 02:17:29+00:00,usd_mxn,17.63,17.64,0.057
2024-07-17 02:17:30+00:00,usd_mxn,17.63,17.64,0.057
2024-07-17 02:17:31+00:00,usd_mxn,17.63,17.64,0.057
2024-07-17 02:17:32+00:00,usd_mxn,17.63,17.66,0.17
2024-07-17 02:17:33+00:00,usd_mxn,17.63,17.66,0.17
2024-07-17 02:17:34+00:00,usd_mxn,17.63,17.66,0.17
2024-07-17 02:17:35+00:00,usd_mxn,17.63,17.66,0.17
2024-07-17 02:17:36+00:00,usd_mxn,17.63,17.66,0.17
2024-07-17 02:17:37+00:00,usd_mxn,17.63,17.66,0.17
2024-07-17 02:17:38+00:00,usd_mxn,17.63,17.66,0.17
2024-07-17 02:17:39+00:00,usd_mxn,17.63,17.66,0.17
2024-07-17 02:17:40+00:00,usd_mxn,17.63,17.66,0.17
2024-07-17 02:17:41+00:00,usd_mxn,17.63,17.66,0.17
2024-07-17 02:17:42+00:00,usd_mxn,17.63,17.66,0.17
2024-07-17 02:17:43+00:00,usd_mxn,17.63,17.66,0.17
2024-07-17 02:17:44+00:00,usd_mxn,17.63,17.66,0.17
2024-07-17 02:17:45+00:00,usd_mxn,17.63,17.66,0.17
2024-07-17 02:17:46+00:00,usd_mxn,17.63,17.66,0.17
2024-07-17 02:17:47+00:00,usd_mxn,17.63,17.66,0.17
2024-07-17 02:17:48+00:00,usd_mxn,17.63,17.66,0.17
2024-07-17 02:17:49+00:00,usd_mxn,17.63,17.66,0.17
2024-07-17 02:17:50+00:00,usd_mxn,17.63,17.66,0.17
2024-07-17 02:17:51+00:00,usd_mxn,17.63,17.66,0.17
2024-07-17 02:17:52+00:00,usd_mxn,17.63,17.66,0.17
2024-07-17 02:17:53+00:00,usd_mxn,17.63,17.66,0.17
2024-07-17 02:17:54+00:00,usd_mxn,17.63,17.66,0.17
2024-07-17 02:17:55+00:00,usd_mxn,17.63,17.66,0.17
2024-07-17 02:17:56+00:00,usd_mxn,17.63,17.66,0.17
2024-07-17 02:17:57+00:00,usd_mxn,17.63,17.66,0.17
2024-07-17 02:17:58+00:00,usd_mxn,17.63,17.66,0.17
2024-07-17 02:17:59+00:00,usd_mxn,17.63,17.66,0.17
2024-07-17 02:18:00+00:00,usd_mxn,17.63,17.66,0.17
2024-07-17 02:18:01+00:00,usd_mxn,17.63,17.66,0.17
2024-07-17 02:18:02+00:00,usd_mxn,17.63,17.66,0.17
2024-07-17 02:18:03+00:00,usd_mxn,17.63,17.66,0.17
2024-07-17 02:18:04+00:00,usd_mxn,17.63,17.66,0.17
2024-07-17 02:18:05+00:00,usd_mxn,17.63,17.66,0.17
2024-07-17 02:18:06+00:00,usd_mxn,17.63,17.66,0.17
2024-07-17 02:18:07+00:00,usd_mxn,17.63,17.66,0.17
2024-07-17 02:18:08+00:00,usd_mxn,17.63,17.66,0.17
2024-07-17 02:18:09+00:00,usd_mxn,17.63,17.66,0.17
2024-07-17 02:18:10+00:00,usd_mxn,17.63,17.66,0.17
2024-07-17 02:18:11+00:00,usd_mxn,17.63,17.66,0.17
2024-07-17 02:18:12+00:00,usd_mxn,17.63,17.66,0.17
2024-07-17 02:18:13+00:00,usd_mxn,17.63,17.66,0.17
2024-07-17 02:18:14+00:00,usd_mxn,17.63,17.66,0.17
2024-07-17 02:18:15+00:00,usd_mxn,17.63,17.66,0.17
2024-07-17 02:18:16+00:00,usd_mxn,17.63,17.66,0.17
2024-07-17 02:18:17+00:00,usd_mxn,17.63,17.66,0.17
2024-07-17 02:18:18+00:00,usd_mxn,17.63,17.66,0.17
2024-07-17 02:18:19+00:00,usd_mxn,17.63,17.66,0.17
2024-07-17 02:18:20+00:00,usd_mxn,17.63,17.66,0.17
2024-07-17 02:18:22+00:00,usd_mxn,17.63,17.66,0.17
2024-07-17 02:18:22+00:00,usd_mxn,17.63,17.66,0.17
2024-07-17 02:18:23+00:00,usd_mxn,17.63,17.66,0.17
2024-07-17 02:18:25+00:00,usd_mxn,17.63,17.66,0.17
2024-07-17 02:18:25+00:00,usd_mxn,17.63,17.66,0.17
2024-07-17 02:18:26+00:00,usd_mxn,17.63,17.66,0.17
2024-07-17 02:18:28+00:00,usd_mxn,17.63,17.66,0.17
2024-07-17 02:18:29+00:00,usd_mxn,17.63,17.66,0.17
2024-07-17 02:18:30+00:00,usd_mxn,17.63,17.66,0.17
2024-07-17 02:18:30+00:00,usd_mxn,17.63,17.66,0.17
2024-07-17 02:18:31+00:00,usd_mxn,17.63,17.66,0.17
2024-07-17 02:18:33+00:00,usd_mxn,17.63,17.66,0.17
2024-07-17 02:18:34+00:00,usd_mxn,17.63,17.66,0.17
2024-07-17 02:18:35+00:00,usd_mxn,17.63,17.66,0.17
2024-07-17 02:18:36+00:00,usd_mxn,17.63,17.66,0.17
2024-07-17 02:18:37+00:00,usd_mxn,17.63,17.66,0.17
2024-07-17 02:18:38+00:00,usd_mxn,17.63,17.66,0.17
2024-07-17 02:18:39+00:00,usd_mxn,17.63,17.66,0.17
2024-07-17 02:18:40+00:00,usd_mxn,17.63,17.66,0.17
2024-07-17 02:18:41+00:00,usd_mxn,17.63,17.66,0.17
2024-07-17 02:18:42+00:00,usd_mxn,17.63,17.66,0.17
2024-07-17 02:18:43+00:00,usd_mxn,17.63,17.66,0.17
2024-07-17 02:18:44+00:00,usd_mxn,17.63,17.66,0.17
2024-07-17 02:18:45+00:00,usd_mxn,17.63,17.66,0.17
2024-07-17 02:18:46+00:00,usd_mxn,17.63,17.66,0.17
2024-07-17 02:18:47+00:00,usd_mxn,17.63,17.66,0.17
2024-07-17 02:18:48+00:00,usd_mxn,17.63,17.66,0.17
2024-07-17 02:18:49+00:00,usd_mxn,17.63,17.66,0.17
2024-07-17 02:18:50+00:00,usd_mxn,17.63,17.66,0.17
2024-07-17 02:18:51+00:00,usd_mxn,17.63,17.66,0.17
2024-07-17 02:18:52+00:00,usd_mxn,17.63,17.66,0.17
2024-07-17 02:18:53+00:00,usd_mxn,17.63,17.66,0.17
2024-07-17 02:18:54+00:00,usd_mxn,17.63,17.66,0.17
2024-07-17 02:18:55+00:00,usd_mxn,17.63,17.66,0.17
2024-07-17 02:18:56+00:00,usd_mxn,17.63,17.66,0.17
2024-07-17 02:18:57+00:00,usd_mxn,17.63,17.66,0.17
2024-07-17 02:18:58+00:00,usd_mxn,17.63,17.66,0.17
2024-07-17 02:18:59+00:00,usd_mxn,17.63,17.66,0.17
2024-07-17 02:19:00+00:00,usd_mxn,17.63,17.66,0.17
2024-07-17 02:19:01+00:00,usd_mxn,17.63,17.66,0.17
2024-07-17 02:19:02+00:00,usd_mxn,17.63,17.66,0.17
2024-07-17 02:19:03+00:00,usd_mxn,17.63,17.66,0.17
2024-07-17 02:19:04+00:00,usd_mxn,17.63,17.66,0.17
2024-07-17 02:19:05+00:00,usd_mxn,17.63,17.66,0.17
2024-07-17 02:19:06+00:00,usd_mxn,17.63,17.66,0.17
2024-07-17 02:19:07+00:00,usd_mxn,17.63,17.66,0.17
2024-07-17 02:19:08+00:00,usd_mxn,17.63,17.66,0.17
2024-07-17 02:19:09+00:00,usd_mxn,17.63,17.66,0.17
2024-07-17 02:19:10+00:00,usd_mxn,17.63,17.66,0.17
2024-07-17 02:19:11+00:00,usd_mxn,17.63,17.66,0.17
2024-07-17 02:19:12+00:00,usd_mxn,17.63,17.66,0.17
2024-07-17 02:19:13+00:00,usd_mxn,17.63,17.66,0.17
2024-07-17 02:19:14+00:00,usd_mxn,17.63,17.66,0.17
2024-07-17 02:19:15+00:00,usd_mxn,17.63,17.66,0.17
2024-07-17 02:19:16+00:00,usd_mxn,17.63,17.66,0.17
2024-07-17 02:19:17+00:00,usd_mxn,17.63,17.66,0.17
2024-07-17 02:19:18+00:00,usd_mxn,17.63,17.66,0.17
2024-07-17 02:19:19+00:00,usd_mxn,17.63,17.66,0.17
2024-07-17 02:19:20+00:00,usd_mxn,17.63,17.66,0.17
2024-07-17 02:19:21+00:00,usd_mxn,17.63,17.66,0.17
2024-07-17 02:19:22+00:00,usd_mxn,17.63,17.66,0.17
2024-07-17 02:19:23+00:00,usd_mxn,17.63,17.66,0.17
2024-07-17 02:19:24+00:00,usd_mxn,17.63,17.66,0.17
2024-07-17 02:19:25+00:00,usd_mxn,17.63,17.66,0.17
2024-07-17 02:19:26+00:00,usd_mxn,17.63,17.66,0.17
2024-07-17 02:19:28+00:00,usd_mxn,17.63,17.66,0.17
2024-07-17 02:19:28+00:00,usd_mxn,17.63,17.66,0.17
2024-07-17 02:19:29+00:00,usd_mxn,17.63,17.66,0.17
2024-07-17 02:19:30+00:00,usd_mxn,17.63,17.66,0.17
2024-07-17 02:19:31+00:00,usd_mxn,17.63,17.66,0.17
2024-07-17 02:19:32+00:00,usd_mxn,17.63,17.66,0.17
2024-07-17 02:19:33+00:00,usd_mxn,17.63,17.66,0.17
2024-07-17 02:19:34+00:00,usd_mxn,17.63,17.66,0.17
2024-07-17 02:19:35+00:00,usd_mxn,17.63,17.66,0.17
2024-07-17 02:19:36+00:00,usd_mxn,17.63,17.66,0.17
2024-07-17 02:19:37+00:00,usd_mxn,17.63,17.66,0.17
2024-07-17 02:19:38+00:00,usd_mxn,17.63,17.66,0.17
2024-07-17 02:19:39+00:00,usd_mxn,17.63,17.66,0.17
2024-07-17 02:19:40+00:00,usd_mxn,17.63,17.66,0.17
2024-07-17 02:19:42+00:00,usd_mxn,17.63,17.66,0.17
2024-07-17 02:19:42+00:00,usd_mxn,17.63,17.66,0.17
2024-07-17 02:19:43+00:00,usd_mxn,17.63,17.66,0.17
2024-07-17 02:19:44+00:00,usd_mxn,17.63,17.66,0.17
2024-07-17 02:19:46+00:00,usd_mxn,17.63,17.66,0.17
2024-07-17 02:19:47+00:00,usd_mxn,17.63,17.66,0.17
2024-07-17 02:19:48+00:00,usd_mxn,17.63,17.66,0.17
2024-07-17 02:19:49+00:00,usd_mxn,17.63,17.66,0.17
2024-07-17 02:19:50+00:00,usd_mxn,17.63,17.66,0.17
2024-07-17 02:19:51+00:00,usd_mxn,17.63,17.66,0.17
2024-07-17 02:19:52+00:00,usd_mxn,17.63,17.66,0.17
2024-07-17 02:19:53+00:00,usd_mxn,17.63,17.66,0.17
2024-07-17 02:19:54+00:00,usd_mxn,17.63,17.66,0.17
2024-07-17 02:19:55+00:00,usd_mxn,17.63,17.66,0.17
2024-07-17 02:19:56+00:00,usd_mxn,17.63,17.66,0.17
2024-07-17 02:19:57+00:00,usd_mxn,17.63,17.66,0.17
2024-07-17 02:19:58+00:00,usd_mxn,17.63,17.66,0.17
2024-07-17 02:19:59+00:00,usd_mxn,17.63,17.66,0.17
2024-07-17 02:20:00+00:00,usd_mxn,17.63,17.66,0.17
2024-07-17 02:20:01+00:00,usd_mxn,17.63,17.66,0.17
2024-07-17 02:20:02+00:00,usd_mxn,17.63,17.66,0.17
2024-07-17 02:20:03+00:00,usd_mxn,17.63,17.66,0.17
2024-07-17 02:20:04+00:00,usd_mxn,17.63,17.66,0.17
2024-07-17 02:20:05+00:00,usd_mxn,17.63,17.66,0.17
2024-07-17 02:20:06+00:00,usd_mxn,17.63,17.66,0.17
2024-07-17 02:20:07+00:00,usd_mxn,17.63,17.66,0.17
2024-07-17 02:20:08+00:00,usd_mxn,17.63,17.66,0.17
2024-07-17 02:20:09+00:00,usd_mxn,17.63,17.66,0.17
2024-07-17 02:20:10+00:00,usd_mxn,17.63,17.66,0.17
2024-07-17 02:20:11+00:00,usd_mxn,17.63,17.66,0.17
2024-07-17 02:20:12+00:00,usd_mxn,17.63,17.66,0.17
2024-07-17 02:20:13+00:00,usd_mxn,17.63,17.66,0.17
2024-07-17 02:20:14+00:00,usd_mxn,17.63,17.66,0.17
2024-07-17 02:20:15+00:00,usd_mxn,17.63,17.66,0.17
2024-07-17 02:20:16+00:00,usd_mxn,17.63,17.66,0.17
2024-07-17 02:20:17+00:00,usd_mxn,17.63,17.66,0.17
2024-07-17 02:20:18+00:00,usd_mxn,17.63,17.66,0.17
2024-07-17 02:20:19+00:00,usd_mxn,17.63,17.66,0.17
2024-07-17 02:20:20+00:00,usd_mxn,17.63,17.66,0.17
2024-07-17 02:20:21+00:00,usd_mxn,17.63,17.66,0.17
2024-07-17 02:20:22+00:00,usd_mxn,17.63,17.66,0.17
