orderbook_timestamp,book,bid,ask,spread
2024-07-17 20:33:25+00:00,usd_mxn,17.67,17.69,0.113
2024-07-17 20:33:26+00:00,usd_mxn,17.67,17.69,0.113
2024-07-17 20:33:27+00:00,usd_mxn,17.67,17.69,0.113
2024-07-17 20:33:28+00:00,usd_mxn,17.67,17.69,0.113
2024-07-17 20:33:29+00:00,usd_mxn,17.67,17.69,0.113
2024-07-17 20:33:30+00:00,usd_mxn,17.67,17.69,0.113
2024-07-17 20:33:31+00:00,usd_mxn,17.67,17.69,0.113
2024-07-17 20:33:32+00:00,usd_mxn,17.67,17.69,0.113
2024-07-17 20:33:33+00:00,usd_mxn,17.67,17.69,0.113
2024-07-17 20:33:34+00:00,usd_mxn,17.67,17.69,0.113
2024-07-17 20:33:35+00:00,usd_mxn,17.67,17.69,0.113
2024-07-17 20:33:36+00:00,usd_mxn,17.67,17.69,0.113
2024-07-17 20:33:37+00:00,usd_mxn,17.67,17.69,0.113
2024-07-17 20:33:38+00:00,usd_mxn,17.67,17.69,0.113
2024-07-17 20:33:39+00:00,usd_mxn,17.67,17.69,0.113
2024-07-17 20:33:40+00:00,usd_mxn,17.67,17.69,0.113
2024-07-17 20:33:41+00:00,usd_mxn,17.67,17.69,0.113
2024-07-17 20:33:42+00:00,usd_mxn,17.67,17.69,0.113
2024-07-17 20:33:43+00:00,usd_mxn,17.67,17.69,0.113
2024-07-17 20:33:44+00:00,usd_mxn,17.67,17.69,0.113
2024-07-17 20:33:45+00:00,usd_mxn,17.67,17.69,0.113
2024-07-17 20:33:46+00:00,usd_mxn,17.67,17.69,0.113
2024-07-17 20:33:47+00:00,usd_mxn,17.67,17.69,0.113
2024-07-17 20:33:48+00:00,usd_mxn,17.67,17.69,0.113
2024-07-17 20:33:49+00:00,usd_mxn,17.67,17.69,0.113
2024-07-17 20:33:50+00:00,usd_mxn,17.67,17.69,0.113
2024-07-17 20:33:51+00:00,usd_mxn,17.67,17.69,0.113
2024-07-17 20:33:52+00:00,usd_mxn,17.67,17.69,0.113
2024-07-17 20:33:53+00:00,usd_mxn,17.67,17.69,0.113
2024-07-17 20:33:54+00:00,usd_mxn,17.67,17.69,0.113
2024-07-17 20:33:55+00:00,usd_mxn,17.67,17.69,0.113
2024-07-17 20:33:56+00:00,usd_mxn,17.67,17.69,0.113
2024-07-17 20:33:57+00:00,usd_mxn,17.67,17.69,0.113
2024-07-17 20:33:58+00:00,usd_mxn,17.67,17.69,0.113
2024-07-17 20:33:59+00:00,usd_mxn,17.67,17.69,0.113
2024-07-17 20:34:00+00:00,usd_mxn,17.67,17.69,0.113
2024-07-17 20:34:01+00:00,usd_mxn,17.67,17.69,0.113
2024-07-17 20:34:02+00:00,usd_mxn,17.67,17.69,0.113
2024-07-17 20:34:03+00:00,usd_mxn,17.67,17.69,0.113
2024-07-17 20:34:04+00:00,usd_mxn,17.67,17.69,0.113
2024-07-17 20:34:05+00:00,usd_mxn,17.67,17.69,0.113
2024-07-17 20:34:06+00:00,usd_mxn,17.67,17.69,0.113
2024-07-17 20:34:07+00:00,usd_mxn,17.67,17.69,0.113
2024-07-17 20:34:08+00:00,usd_mxn,17.67,17.69,0.113
2024-07-17 20:34:09+00:00,usd_mxn,17.67,17.69,0.113
2024-07-17 20:34:10+00:00,usd_mxn,17.67,17.69,0.113
2024-07-17 20:34:11+00:00,usd_mxn,17.67,17.69,0.113
2024-07-17 20:34:12+00:00,usd_mxn,17.67,17.69,0.113
2024-07-17 20:34:13+00:00,usd_mxn,17.67,17.69,0.113
2024-07-17 20:34:14+00:00,usd_mxn,17.67,17.69,0.113
2024-07-17 20:34:15+00:00,usd_mxn,17.67,17.69,0.113
2024-07-17 20:34:16+00:00,usd_mxn,17.67,17.69,0.113
2024-07-17 20:34:17+00:00,usd_mxn,17.67,17.69,0.113
2024-07-17 20:34:18+00:00,usd_mxn,17.67,17.69,0.113
2024-07-17 20:34:20+00:00,usd_mxn,17.67,17.69,0.113
2024-07-17 20:34:21+00:00,usd_mxn,17.67,17.69,0.113
2024-07-17 20:34:22+00:00,usd_mxn,17.67,17.69,0.113
2024-07-17 20:34:23+00:00,usd_mxn,17.67,17.69,0.113
2024-07-17 20:34:24+00:00,usd_mxn,17.67,17.69,0.113
2024-07-17 20:34:25+00:00,usd_mxn,17.67,17.69,0.113
2024-07-17 20:34:26+00:00,usd_mxn,17.67,17.69,0.113
2024-07-17 20:34:27+00:00,usd_mxn,17.67,17.69,0.113
2024-07-17 20:34:28+00:00,usd_mxn,17.67,17.69,0.113
2024-07-17 20:34:29+00:00,usd_mxn,17.67,17.69,0.113
2024-07-17 20:34:30+00:00,usd_mxn,17.67,17.69,0.113
2024-07-17 20:34:31+00:00,usd_mxn,17.67,17.69,0.113
2024-07-17 20:34:32+00:00,usd_mxn,17.67,17.69,0.113
2024-07-17 20:34:33+00:00,usd_mxn,17.67,17.69,0.113
2024-07-17 20:34:34+00:00,usd_mxn,17.67,17.69,0.113
2024-07-17 20:34:36+00:00,usd_mxn,17.67,17.69,0.113
2024-07-17 20:34:37+00:00,usd_mxn,17.67,17.69,0.113
2024-07-17 20:34:38+00:00,usd_mxn,17.67,17.69,0.113
2024-07-17 20:34:39+00:00,usd_mxn,17.67,17.69,0.113
2024-07-17 20:34:40+00:00,usd_mxn,17.67,17.69,0.113
2024-07-17 20:34:41+00:00,usd_mxn,17.67,17.69,0.113
2024-07-17 20:34:42+00:00,usd_mxn,17.67,17.69,0.113
2024-07-17 20:34:43+00:00,usd_mxn,17.67,17.69,0.113
2024-07-17 20:34:44+00:00,usd_mxn,17.67,17.69,0.113
2024-07-17 20:34:45+00:00,usd_mxn,17.67,17.69,0.113
2024-07-17 20:34:46+00:00,usd_mxn,17.67,17.69,0.113
2024-07-17 20:34:47+00:00,usd_mxn,17.67,17.69,0.113
2024-07-17 20:34:48+00:00,usd_mxn,17.67,17.69,0.113
2024-07-17 20:34:49+00:00,usd_mxn,17.67,17.69,0.113
2024-07-17 20:34:51+00:00,usd_mxn,17.67,17.69,0.113
2024-07-17 20:34:51+00:00,usd_mxn,17.67,17.69,0.113
2024-07-17 20:34:52+00:00,usd_mxn,17.67,17.69,0.113
2024-07-17 20:34:53+00:00,usd_mxn,17.67,17.69,0.113
2024-07-17 20:34:54+00:00,usd_mxn,17.67,17.69,0.113
2024-07-17 20:34:55+00:00,usd_mxn,17.67,17.69,0.113
2024-07-17 20:34:56+00:00,usd_mxn,17.67,17.69,0.113
2024-07-17 20:34:57+00:00,usd_mxn,17.67,17.69,0.113
2024-07-17 20:34:58+00:00,usd_mxn,17.67,17.69,0.113
2024-07-17 20:34:59+00:00,usd_mxn,17.67,17.69,0.113
2024-07-17 20:35:00+00:00,usd_mxn,17.67,17.69,0.113
2024-07-17 20:35:01+00:00,usd_mxn,17.67,17.69,0.113
2024-07-17 20:35:02+00:00,usd_mxn,17.67,17.69,0.113
2024-07-17 20:35:03+00:00,usd_mxn,17.67,17.69,0.113
2024-07-17 20:35:04+00:00,usd_mxn,17.67,17.69,0.113
2024-07-17 20:35:05+00:00,usd_mxn,17.67,17.69,0.113
2024-07-17 20:35:06+00:00,usd_mxn,17.67,17.69,0.113
2024-07-17 20:35:07+00:00,usd_mxn,17.67,17.69,0.113
2024-07-17 20:35:08+00:00,usd_mxn,17.67,17.69,0.113
2024-07-17 20:35:09+00:00,usd_mxn,17.67,17.69,0.113
2024-07-17 20:35:10+00:00,usd_mxn,17.67,17.69,0.113
2024-07-17 20:35:11+00:00,usd_mxn,17.67,17.69,0.113
2024-07-17 20:35:12+00:00,usd_mxn,17.67,17.69,0.113
2024-07-17 20:35:13+00:00,usd_mxn,17.67,17.69,0.113
2024-07-17 20:35:14+00:00,usd_mxn,17.67,17.69,0.113
2024-07-17 20:35:15+00:00,usd_mxn,17.67,17.69,0.113
2024-07-17 20:35:16+00:00,usd_mxn,17.67,17.69,0.113
2024-07-17 20:35:17+00:00,usd_mxn,17.67,17.69,0.113
2024-07-17 20:35:18+00:00,usd_mxn,17.67,17.69,0.113
2024-07-17 20:35:19+00:00,usd_mxn,17.67,17.69,0.113
2024-07-17 20:35:20+00:00,usd_mxn,17.67,17.69,0.113
2024-07-17 20:35:21+00:00,usd_mxn,17.67,17.69,0.113
2024-07-17 20:35:22+00:00,usd_mxn,17.67,17.69,0.113
2024-07-17 20:35:23+00:00,usd_mxn,17.67,17.69,0.113
2024-07-17 20:35:24+00:00,usd_mxn,17.67,17.69,0.113
2024-07-17 20:35:25+00:00,usd_mxn,17.67,17.69,0.113
2024-07-17 20:35:27+00:00,usd_mxn,17.67,17.69,0.113
2024-07-17 20:35:28+00:00,usd_mxn,17.67,17.69,0.113
2024-07-17 20:35:29+00:00,usd_mxn,17.67,17.69,0.113
2024-07-17 20:35:30+00:00,usd_mxn,17.67,17.69,0.113
2024-07-17 20:35:31+00:00,usd_mxn,17.67,17.69,0.113
2024-07-17 20:35:32+00:00,usd_mxn,17.67,17.69,0.113
2024-07-17 20:35:33+00:00,usd_mxn,17.67,17.69,0.113
2024-07-17 20:35:34+00:00,usd_mxn,17.67,17.69,0.113
2024-07-17 20:35:35+00:00,usd_mxn,17.67,17.69,0.113
2024-07-17 20:35:36+00:00,usd_mxn,17.67,17.69,0.113
2024-07-17 20:35:37+00:00,usd_mxn,17.67,17.69,0.113
2024-07-17 20:35:38+00:00,usd_mxn,17.67,17.69,0.113
2024-07-17 20:35:39+00:00,usd_mxn,17.67,17.69,0.113
2024-07-17 20:35:40+00:00,usd_mxn,17.67,17.69,0.113
2024-07-17 20:35:41+00:00,usd_mxn,17.67,17.69,0.113
2024-07-17 20:35:42+00:00,usd_mxn,17.67,17.69,0.113
2024-07-17 20:35:43+00:00,usd_mxn,17.67,17.69,0.113
2024-07-17 20:35:44+00:00,usd_mxn,17.67,17.69,0.113
2024-07-17 20:35:45+00:00,usd_mxn,17.67,17.69,0.113
2024-07-17 20:35:46+00:00,usd_mxn,17.67,17.69,0.113
2024-07-17 20:35:47+00:00,usd_mxn,17.67,17.69,0.113
2024-07-17 20:35:48+00:00,usd_mxn,17.67,17.69,0.113
2024-07-17 20:35:49+00:00,usd_mxn,17.67,17.69,0.113
2024-07-17 20:35:50+00:00,usd_mxn,17.67,17.69,0.113
2024-07-17 20:35:51+00:00,usd_mxn,17.67,17.69,0.113
2024-07-17 20:35:52+00:00,usd_mxn,17.67,17.69,0.113
2024-07-17 20:35:53+00:00,usd_mxn,17.67,17.69,0.113
2024-07-17 20:35:54+00:00,usd_mxn,17.67,17.69,0.113
2024-07-17 20:35:55+00:00,usd_mxn,17.67,17.69,0.113
2024-07-17 20:35:56+00:00,usd_mxn,17.67,17.69,0.113
2024-07-17 20:35:57+00:00,usd_mxn,17.67,17.69,0.113
2024-07-17 20:35:58+00:00,usd_mxn,17.67,17.69,0.113
2024-07-17 20:35:59+00:00,usd_mxn,17.67,17.69,0.113
2024-07-17 20:36:00+00:00,usd_mxn,17.67,17.69,0.113
2024-07-17 20:36:01+00:00,usd_mxn,17.67,17.69,0.113
2024-07-17 20:36:02+00:00,usd_mxn,17.67,17.69,0.113
2024-07-17 20:36:03+00:00,usd_mxn,17.67,17.69,0.113
2024-07-17 20:36:04+00:00,usd_mxn,17.67,17.69,0.113
2024-07-17 20:36:05+00:00,usd_mxn,17.67,17.69,0.113
2024-07-17 20:36:06+00:00,usd_mxn,17.67,17.69,0.113
2024-07-17 20:36:07+00:00,usd_mxn,17.67,17.69,0.113
2024-07-17 20:36:09+00:00,usd_mxn,17.67,17.69,0.113
2024-07-17 20:36:09+00:00,usd_mxn,17.67,17.69,0.113
2024-07-17 20:36:10+00:00,usd_mxn,17.67,17.69,0.113
2024-07-17 20:36:11+00:00,usd_mxn,17.67,17.69,0.113
2024-07-17 20:36:12+00:00,usd_mxn,17.67,17.69,0.113
2024-07-17 20:36:14+00:00,usd_mxn,17.67,17.69,0.113
2024-07-17 20:36:15+00:00,usd_mxn,17.67,17.69,0.113
2024-07-17 20:36:16+00:00,usd_mxn,17.67,17.69,0.113
2024-07-17 20:36:17+00:00,usd_mxn,17.67,17.69,0.113
2024-07-17 20:36:18+00:00,usd_mxn,17.67,17.69,0.113
2024-07-17 20:36:19+00:00,usd_mxn,17.67,17.69,0.113
2024-07-17 20:36:20+00:00,usd_mxn,17.67,17.69,0.113
2024-07-17 20:36:21+00:00,usd_mxn,17.67,17.69,0.113
2024-07-17 20:36:22+00:00,usd_mxn,17.67,17.69,0.113
2024-07-17 20:36:23+00:00,usd_mxn,17.67,17.69,0.113
2024-07-17 20:36:24+00:00,usd_mxn,17.67,17.69,0.113
2024-07-17 20:36:25+00:00,usd_mxn,17.67,17.69,0.113
2024-07-17 20:36:26+00:00,usd_mxn,17.67,17.69,0.113
2024-07-17 20:36:27+00:00,usd_mxn,17.67,17.69,0.113
2024-07-17 20:36:28+00:00,usd_mxn,17.67,17.69,0.113
2024-07-17 20:36:30+00:00,usd_mxn,17.67,17.69,0.113
2024-07-17 20:36:31+00:00,usd_mxn,17.67,17.69,0.113
2024-07-17 20:36:32+00:00,usd_mxn,17.67,17.69,0.113
2024-07-17 20:36:33+00:00,usd_mxn,17.67,17.69,0.113
2024-07-17 20:36:34+00:00,usd_mxn,17.67,17.69,0.113
2024-07-17 20:36:35+00:00,usd_mxn,17.67,17.69,0.113
2024-07-17 20:36:36+00:00,usd_mxn,17.67,17.69,0.113
2024-07-17 20:36:37+00:00,usd_mxn,17.67,17.69,0.113
2024-07-17 20:36:38+00:00,usd_mxn,17.67,17.69,0.113
2024-07-17 20:36:39+00:00,usd_mxn,17.67,17.69,0.113
2024-07-17 20:36:40+00:00,usd_mxn,17.67,17.69,0.113
2024-07-17 20:36:41+00:00,usd_mxn,17.67,17.69,0.113
2024-07-17 20:36:42+00:00,usd_mxn,17.67,17.69,0.113
2024-07-17 20:36:43+00:00,usd_mxn,17.67,17.69,0.113
2024-07-17 20:36:44+00:00,usd_mxn,17.67,17.69,0.113
2024-07-17 20:36:45+00:00,usd_mxn,17.67,17.69,0.113
2024-07-17 20:36:46+00:00,usd_mxn,17.67,17.69,0.113
2024-07-17 20:36:47+00:00,usd_mxn,17.67,17.69,0.113
2024-07-17 20:36:48+00:00,usd_mxn,17.67,17.69,0.113
2024-07-17 20:36:49+00:00,usd_mxn,17.67,17.69,0.113
2024-07-17 20:36:50+00:00,usd_mxn,17.67,17.69,0.113
2024-07-17 20:36:51+00:00,usd_mxn,17.67,17.69,0.113
2024-07-17 20:36:52+00:00,usd_mxn,17.67,17.69,0.113
2024-07-17 20:36:53+00:00,usd_mxn,17.67,17.69,0.113
2024-07-17 20:36:54+00:00,usd_mxn,17.67,17.69,0.113
2024-07-17 20:36:55+00:00,usd_mxn,17.67,17.69,0.113
2024-07-17 20:36:56+00:00,usd_mxn,17.67,17.69,0.113
2024-07-17 20:36:57+00:00,usd_mxn,17.67,17.69,0.113
2024-07-17 20:36:58+00:00,usd_mxn,17.67,17.69,0.113
2024-07-17 20:36:59+00:00,usd_mxn,17.67,17.69,0.113
2024-07-17 20:37:01+00:00,usd_mxn,17.67,17.69,0.113
2024-07-17 20:37:02+00:00,usd_mxn,17.67,17.69,0.113
2024-07-17 20:37:03+00:00,usd_mxn,17.67,17.69,0.113
2024-07-17 20:37:03+00:00,usd_mxn,17.67,17.69,0.113
2024-07-17 20:37:04+00:00,usd_mxn,17.67,17.69,0.113
2024-07-17 20:37:05+00:00,usd_mxn,17.67,17.69,0.113
2024-07-17 20:37:06+00:00,usd_mxn,17.67,17.69,0.113
2024-07-17 20:37:07+00:00,usd_mxn,17.67,17.69,0.113
2024-07-17 20:37:08+00:00,usd_mxn,17.67,17.69,0.113
2024-07-17 20:37:09+00:00,usd_mxn,17.67,17.69,0.113
2024-07-17 20:37:10+00:00,usd_mxn,17.67,17.69,0.113
2024-07-17 20:37:11+00:00,usd_mxn,17.67,17.69,0.113
2024-07-17 20:37:12+00:00,usd_mxn,17.67,17.69,0.113
2024-07-17 20:37:13+00:00,usd_mxn,17.67,17.69,0.113
2024-07-17 20:37:14+00:00,usd_mxn,17.67,17.69,0.113
2024-07-17 20:37:15+00:00,usd_mxn,17.67,17.69,0.113
2024-07-17 20:37:17+00:00,usd_mxn,17.67,17.69,0.113
2024-07-17 20:37:18+00:00,usd_mxn,17.67,17.69,0.113
2024-07-17 20:37:19+00:00,usd_mxn,17.67,17.69,0.113
2024-07-17 20:37:20+00:00,usd_mxn,17.67,17.69,0.113
2024-07-17 20:37:21+00:00,usd_mxn,17.67,17.69,0.113
2024-07-17 20:37:22+00:00,usd_mxn,17.67,17.69,0.113
2024-07-17 20:37:23+00:00,usd_mxn,17.67,17.69,0.113
2024-07-17 20:37:24+00:00,usd_mxn,17.67,17.69,0.113
2024-07-17 20:37:25+00:00,usd_mxn,17.67,17.69,0.113
2024-07-17 20:37:26+00:00,usd_mxn,17.67,17.69,0.113
2024-07-17 20:37:27+00:00,usd_mxn,17.67,17.69,0.113
2024-07-17 20:37:29+00:00,usd_mxn,17.67,17.69,0.113
2024-07-17 20:37:29+00:00,usd_mxn,17.67,17.69,0.113
2024-07-17 20:37:30+00:00,usd_mxn,17.67,17.69,0.113
2024-07-17 20:37:31+00:00,usd_mxn,17.67,17.69,0.113
2024-07-17 20:37:32+00:00,usd_mxn,17.67,17.69,0.113
2024-07-17 20:37:34+00:00,usd_mxn,17.67,17.69,0.113
2024-07-17 20:37:35+00:00,usd_mxn,17.67,17.69,0.113
2024-07-17 20:37:36+00:00,usd_mxn,17.67,17.69,0.113
2024-07-17 20:37:37+00:00,usd_mxn,17.67,17.69,0.113
2024-07-17 20:37:38+00:00,usd_mxn,17.67,17.69,0.113
2024-07-17 20:37:39+00:00,usd_mxn,17.67,17.69,0.113
2024-07-17 20:37:40+00:00,usd_mxn,17.67,17.69,0.113
2024-07-17 20:37:41+00:00,usd_mxn,17.67,17.69,0.113
2024-07-17 20:37:42+00:00,usd_mxn,17.67,17.69,0.113
2024-07-17 20:37:43+00:00,usd_mxn,17.67,17.69,0.113
2024-07-17 20:37:44+00:00,usd_mxn,17.67,17.69,0.113
2024-07-17 20:37:45+00:00,usd_mxn,17.67,17.69,0.113
2024-07-17 20:37:46+00:00,usd_mxn,17.67,17.69,0.113
2024-07-17 20:37:47+00:00,usd_mxn,17.67,17.69,0.113
2024-07-17 20:37:48+00:00,usd_mxn,17.67,17.69,0.113
2024-07-17 20:37:49+00:00,usd_mxn,17.67,17.69,0.113
2024-07-17 20:37:50+00:00,usd_mxn,17.67,17.69,0.113
2024-07-17 20:37:51+00:00,usd_mxn,17.67,17.69,0.113
2024-07-17 20:37:52+00:00,usd_mxn,17.67,17.69,0.113
2024-07-17 20:37:53+00:00,usd_mxn,17.67,17.69,0.113
2024-07-17 20:37:54+00:00,usd_mxn,17.67,17.69,0.113
2024-07-17 20:37:55+00:00,usd_mxn,17.67,17.69,0.113
2024-07-17 20:37:56+00:00,usd_mxn,17.67,17.69,0.113
2024-07-17 20:37:57+00:00,usd_mxn,17.67,17.69,0.113
2024-07-17 20:37:58+00:00,usd_mxn,17.67,17.69,0.113
2024-07-17 20:37:59+00:00,usd_mxn,17.67,17.69,0.113
2024-07-17 20:38:00+00:00,usd_mxn,17.67,17.69,0.113
2024-07-17 20:38:01+00:00,usd_mxn,17.67,17.69,0.113
2024-07-17 20:38:02+00:00,usd_mxn,17.67,17.69,0.113
2024-07-17 20:38:03+00:00,usd_mxn,17.67,17.69,0.113
2024-07-17 20:38:04+00:00,usd_mxn,17.67,17.69,0.113
2024-07-17 20:38:05+00:00,usd_mxn,17.67,17.69,0.113
2024-07-17 20:38:06+00:00,usd_mxn,17.67,17.69,0.113
2024-07-17 20:38:07+00:00,usd_mxn,17.67,17.69,0.113
2024-07-17 20:38:08+00:00,usd_mxn,17.67,17.69,0.113
2024-07-17 20:38:09+00:00,usd_mxn,17.67,17.69,0.113
2024-07-17 20:38:10+00:00,usd_mxn,17.67,17.69,0.113
2024-07-17 20:38:11+00:00,usd_mxn,17.67,17.69,0.113
2024-07-17 20:38:12+00:00,usd_mxn,17.67,17.69,0.113
2024-07-17 20:38:13+00:00,usd_mxn,17.67,17.69,0.113
2024-07-17 20:38:14+00:00,usd_mxn,17.67,17.69,0.113
2024-07-17 20:38:15+00:00,usd_mxn,17.67,17.69,0.113
2024-07-17 20:38:16+00:00,usd_mxn,17.67,17.69,0.113
2024-07-17 20:38:17+00:00,usd_mxn,17.67,17.69,0.113
2024-07-17 20:38:18+00:00,usd_mxn,17.67,17.69,0.113
2024-07-17 20:38:19+00:00,usd_mxn,17.67,17.69,0.113
2024-07-17 20:38:20+00:00,usd_mxn,17.67,17.69,0.113
2024-07-17 20:38:21+00:00,usd_mxn,17.67,17.69,0.113
2024-07-17 20:38:22+00:00,usd_mxn,17.67,17.69,0.113
2024-07-17 20:38:23+00:00,usd_mxn,17.67,17.69,0.113
2024-07-17 20:38:24+00:00,usd_mxn,17.67,17.69,0.113
2024-07-17 20:38:25+00:00,usd_mxn,17.67,17.69,0.113
2024-07-17 20:38:26+00:00,usd_mxn,17.67,17.69,0.113
2024-07-17 20:38:27+00:00,usd_mxn,17.67,17.69,0.113
2024-07-17 20:38:28+00:00,usd_mxn,17.67,17.69,0.113
2024-07-17 20:38:29+00:00,usd_mxn,17.67,17.69,0.113
2024-07-17 20:38:30+00:00,usd_mxn,17.67,17.69,0.113
2024-07-17 20:38:31+00:00,usd_mxn,17.67,17.69,0.113
2024-07-17 20:38:32+00:00,usd_mxn,17.67,17.69,0.113
2024-07-17 20:38:33+00:00,usd_mxn,17.67,17.69,0.113
2024-07-17 20:38:34+00:00,usd_mxn,17.67,17.69,0.113
2024-07-17 20:38:35+00:00,usd_mxn,17.67,17.69,0.113
2024-07-17 20:38:36+00:00,usd_mxn,17.67,17.69,0.113
2024-07-17 20:38:37+00:00,usd_mxn,17.67,17.69,0.113
2024-07-17 20:38:38+00:00,usd_mxn,17.67,17.69,0.113
2024-07-17 20:38:39+00:00,usd_mxn,17.67,17.69,0.113
2024-07-17 20:38:41+00:00,usd_mxn,17.67,17.69,0.113
2024-07-17 20:38:41+00:00,usd_mxn,17.67,17.69,0.113
2024-07-17 20:38:42+00:00,usd_mxn,17.67,17.69,0.113
2024-07-17 20:38:44+00:00,usd_mxn,17.67,17.69,0.113
2024-07-17 20:38:44+00:00,usd_mxn,17.67,17.69,0.113
2024-07-17 20:38:45+00:00,usd_mxn,17.67,17.69,0.113
2024-07-17 20:38:46+00:00,usd_mxn,17.67,17.69,0.113
2024-07-17 20:38:48+00:00,usd_mxn,17.67,17.69,0.113
2024-07-17 20:38:49+00:00,usd_mxn,17.67,17.69,0.113
2024-07-17 20:38:50+00:00,usd_mxn,17.67,17.69,0.113
2024-07-17 20:38:51+00:00,usd_mxn,17.67,17.69,0.113
2024-07-17 20:38:52+00:00,usd_mxn,17.67,17.69,0.113
2024-07-17 20:38:53+00:00,usd_mxn,17.67,17.69,0.113
2024-07-17 20:38:54+00:00,usd_mxn,17.67,17.69,0.113
2024-07-17 20:38:55+00:00,usd_mxn,17.67,17.69,0.113
2024-07-17 20:38:56+00:00,usd_mxn,17.67,17.69,0.113
2024-07-17 20:38:57+00:00,usd_mxn,17.67,17.69,0.113
2024-07-17 20:38:58+00:00,usd_mxn,17.67,17.69,0.113
2024-07-17 20:38:59+00:00,usd_mxn,17.67,17.69,0.113
2024-07-17 20:39:00+00:00,usd_mxn,17.67,17.69,0.113
2024-07-17 20:39:01+00:00,usd_mxn,17.67,17.69,0.113
2024-07-17 20:39:02+00:00,usd_mxn,17.67,17.69,0.113
2024-07-17 20:39:03+00:00,usd_mxn,17.67,17.69,0.113
2024-07-17 20:39:04+00:00,usd_mxn,17.67,17.69,0.113
2024-07-17 20:39:05+00:00,usd_mxn,17.67,17.69,0.113
2024-07-17 20:39:06+00:00,usd_mxn,17.67,17.69,0.113
2024-07-17 20:39:07+00:00,usd_mxn,17.67,17.69,0.113
2024-07-17 20:39:08+00:00,usd_mxn,17.67,17.69,0.113
2024-07-17 20:39:09+00:00,usd_mxn,17.67,17.69,0.113
2024-07-17 20:39:10+00:00,usd_mxn,17.67,17.69,0.113
2024-07-17 20:39:11+00:00,usd_mxn,17.67,17.69,0.113
2024-07-17 20:39:12+00:00,usd_mxn,17.67,17.69,0.113
2024-07-17 20:39:13+00:00,usd_mxn,17.67,17.69,0.113
2024-07-17 20:39:14+00:00,usd_mxn,17.67,17.69,0.113
2024-07-17 20:39:15+00:00,usd_mxn,17.67,17.69,0.113
2024-07-17 20:39:16+00:00,usd_mxn,17.67,17.69,0.113
2024-07-17 20:39:17+00:00,usd_mxn,17.67,17.69,0.113
2024-07-17 20:39:18+00:00,usd_mxn,17.67,17.69,0.113
2024-07-17 20:39:19+00:00,usd_mxn,17.67,17.69,0.113
2024-07-17 20:39:20+00:00,usd_mxn,17.67,17.69,0.113
2024-07-17 20:39:21+00:00,usd_mxn,17.67,17.69,0.113
2024-07-17 20:39:22+00:00,usd_mxn,17.67,17.69,0.113
2024-07-17 20:39:23+00:00,usd_mxn,17.67,17.69,0.113
2024-07-17 20:39:24+00:00,usd_mxn,17.67,17.69,0.113
2024-07-17 20:39:25+00:00,usd_mxn,17.67,17.69,0.113
2024-07-17 20:39:26+00:00,usd_mxn,17.67,17.69,0.113
2024-07-17 20:39:27+00:00,usd_mxn,17.67,17.69,0.113
2024-07-17 20:39:28+00:00,usd_mxn,17.67,17.69,0.113
2024-07-17 20:39:29+00:00,usd_mxn,17.67,17.69,0.113
2024-07-17 20:39:30+00:00,usd_mxn,17.67,17.69,0.113
2024-07-17 20:39:31+00:00,usd_mxn,17.67,17.69,0.113
2024-07-17 20:39:32+00:00,usd_mxn,17.67,17.69,0.113
2024-07-17 20:39:33+00:00,usd_mxn,17.67,17.69,0.113
2024-07-17 20:39:34+00:00,usd_mxn,17.67,17.69,0.113
2024-07-17 20:39:35+00:00,usd_mxn,17.67,17.69,0.113
2024-07-17 20:39:36+00:00,usd_mxn,17.67,17.69,0.113
2024-07-17 20:39:37+00:00,usd_mxn,17.67,17.69,0.113
2024-07-17 20:39:38+00:00,usd_mxn,17.67,17.69,0.113
2024-07-17 20:39:39+00:00,usd_mxn,17.67,17.69,0.113
2024-07-17 20:39:40+00:00,usd_mxn,17.67,17.69,0.113
2024-07-17 20:39:41+00:00,usd_mxn,17.67,17.69,0.113
2024-07-17 20:39:42+00:00,usd_mxn,17.67,17.69,0.113
2024-07-17 20:39:43+00:00,usd_mxn,17.67,17.69,0.113
2024-07-17 20:39:44+00:00,usd_mxn,17.67,17.69,0.113
2024-07-17 20:39:45+00:00,usd_mxn,17.67,17.69,0.113
2024-07-17 20:39:46+00:00,usd_mxn,17.67,17.69,0.113
2024-07-17 20:39:47+00:00,usd_mxn,17.67,17.69,0.113
2024-07-17 20:39:48+00:00,usd_mxn,17.67,17.69,0.113
2024-07-17 20:39:49+00:00,usd_mxn,17.67,17.69,0.113
2024-07-17 20:39:50+00:00,usd_mxn,17.67,17.69,0.113
2024-07-17 20:39:51+00:00,usd_mxn,17.67,17.69,0.113
2024-07-17 20:39:52+00:00,usd_mxn,17.67,17.69,0.113
2024-07-17 20:39:53+00:00,usd_mxn,17.67,17.69,0.113
2024-07-17 20:39:54+00:00,usd_mxn,17.67,17.69,0.113
2024-07-17 20:39:55+00:00,usd_mxn,17.67,17.69,0.113
2024-07-17 20:39:56+00:00,usd_mxn,17.67,17.69,0.113
2024-07-17 20:39:57+00:00,usd_mxn,17.67,17.69,0.113
2024-07-17 20:39:59+00:00,usd_mxn,17.67,17.69,0.113
2024-07-17 20:40:00+00:00,usd_mxn,17.67,17.69,0.113
2024-07-17 20:40:01+00:00,usd_mxn,17.67,17.69,0.113
2024-07-17 20:40:02+00:00,usd_mxn,17.67,17.69,0.113
2024-07-17 20:40:03+00:00,usd_mxn,17.67,17.69,0.113
2024-07-17 20:40:04+00:00,usd_mxn,17.67,17.69,0.113
2024-07-17 20:40:05+00:00,usd_mxn,17.67,17.69,0.113
2024-07-17 20:40:06+00:00,usd_mxn,17.67,17.69,0.113
2024-07-17 20:40:07+00:00,usd_mxn,17.67,17.69,0.113
2024-07-17 20:40:08+00:00,usd_mxn,17.67,17.69,0.113
2024-07-17 20:40:09+00:00,usd_mxn,17.67,17.69,0.113
2024-07-17 20:40:10+00:00,usd_mxn,17.67,17.69,0.113
2024-07-17 20:40:11+00:00,usd_mxn,17.67,17.69,0.113
2024-07-17 20:40:12+00:00,usd_mxn,17.67,17.69,0.113
2024-07-17 20:40:13+00:00,usd_mxn,17.67,17.69,0.113
2024-07-17 20:40:14+00:00,usd_mxn,17.67,17.69,0.113
2024-07-17 20:40:15+00:00,usd_mxn,17.67,17.69,0.113
2024-07-17 20:40:16+00:00,usd_mxn,17.67,17.69,0.113
2024-07-17 20:40:17+00:00,usd_mxn,17.67,17.69,0.113
2024-07-17 20:40:18+00:00,usd_mxn,17.67,17.69,0.113
2024-07-17 20:40:19+00:00,usd_mxn,17.67,17.69,0.113
2024-07-17 20:40:20+00:00,usd_mxn,17.67,17.69,0.113
2024-07-17 20:40:21+00:00,usd_mxn,17.67,17.69,0.113
2024-07-17 20:40:22+00:00,usd_mxn,17.67,17.69,0.113
2024-07-17 20:40:23+00:00,usd_mxn,17.67,17.69,0.113
2024-07-17 20:40:24+00:00,usd_mxn,17.67,17.69,0.113
2024-07-17 20:40:25+00:00,usd_mxn,17.67,17.69,0.113
2024-07-17 20:40:26+00:00,usd_mxn,17.67,17.69,0.113
2024-07-17 20:40:27+00:00,usd_mxn,17.67,17.69,0.113
2024-07-17 20:40:28+00:00,usd_mxn,17.67,17.69,0.113
2024-07-17 20:40:29+00:00,usd_mxn,17.67,17.69,0.113
2024-07-17 20:40:30+00:00,usd_mxn,17.67,17.69,0.113
2024-07-17 20:40:31+00:00,usd_mxn,17.67,17.69,0.113
2024-07-17 20:40:32+00:00,usd_mxn,17.67,17.69,0.113
2024-07-17 20:40:33+00:00,usd_mxn,17.67,17.69,0.113
2024-07-17 20:40:34+00:00,usd_mxn,17.67,17.69,0.113
2024-07-17 20:40:35+00:00,usd_mxn,17.67,17.69,0.113
2024-07-17 20:40:36+00:00,usd_mxn,17.67,17.69,0.113
2024-07-17 20:40:37+00:00,usd_mxn,17.67,17.69,0.113
2024-07-17 20:40:38+00:00,usd_mxn,17.67,17.69,0.113
2024-07-17 20:40:39+00:00,usd_mxn,17.67,17.69,0.113
2024-07-17 20:40:40+00:00,usd_mxn,17.67,17.69,0.113
2024-07-17 20:40:41+00:00,usd_mxn,17.67,17.69,0.113
2024-07-17 20:40:42+00:00,usd_mxn,17.67,17.69,0.113
2024-07-17 20:40:43+00:00,usd_mxn,17.67,17.69,0.113
2024-07-17 20:40:44+00:00,usd_mxn,17.67,17.69,0.113
2024-07-17 20:40:45+00:00,usd_mxn,17.67,17.69,0.113
2024-07-17 20:40:46+00:00,usd_mxn,17.67,17.69,0.113
2024-07-17 20:40:47+00:00,usd_mxn,17.67,17.69,0.113
2024-07-17 20:40:48+00:00,usd_mxn,17.67,17.69,0.113
2024-07-17 20:40:49+00:00,usd_mxn,17.67,17.69,0.113
2024-07-17 20:40:50+00:00,usd_mxn,17.67,17.69,0.113
2024-07-17 20:40:51+00:00,usd_mxn,17.67,17.69,0.113
2024-07-17 20:40:52+00:00,usd_mxn,17.67,17.69,0.113
2024-07-17 20:40:54+00:00,usd_mxn,17.67,17.69,0.113
2024-07-17 20:40:55+00:00,usd_mxn,17.67,17.69,0.113
2024-07-17 20:40:56+00:00,usd_mxn,17.67,17.69,0.113
2024-07-17 20:40:58+00:00,usd_mxn,17.67,17.69,0.113
2024-07-17 20:40:58+00:00,usd_mxn,17.67,17.69,0.113
2024-07-17 20:40:59+00:00,usd_mxn,17.67,17.69,0.113
2024-07-17 20:41:00+00:00,usd_mxn,17.67,17.69,0.113
2024-07-17 20:41:01+00:00,usd_mxn,17.67,17.69,0.113
2024-07-17 20:41:02+00:00,usd_mxn,17.67,17.69,0.113
2024-07-17 20:41:03+00:00,usd_mxn,17.67,17.69,0.113
2024-07-17 20:41:04+00:00,usd_mxn,17.67,17.69,0.113
2024-07-17 20:41:05+00:00,usd_mxn,17.67,17.69,0.113
2024-07-17 20:41:06+00:00,usd_mxn,17.67,17.69,0.113
2024-07-17 20:41:07+00:00,usd_mxn,17.67,17.69,0.113
2024-07-17 20:41:08+00:00,usd_mxn,17.67,17.69,0.113
2024-07-17 20:41:09+00:00,usd_mxn,17.67,17.69,0.113
2024-07-17 20:41:10+00:00,usd_mxn,17.67,17.69,0.113
2024-07-17 20:41:11+00:00,usd_mxn,17.67,17.69,0.113
2024-07-17 20:41:12+00:00,usd_mxn,17.67,17.69,0.113
2024-07-17 20:41:13+00:00,usd_mxn,17.67,17.69,0.113
2024-07-17 20:41:14+00:00,usd_mxn,17.67,17.69,0.113
2024-07-17 20:41:16+00:00,usd_mxn,17.67,17.69,0.113
2024-07-17 20:41:17+00:00,usd_mxn,17.67,17.69,0.113
2024-07-17 20:41:18+00:00,usd_mxn,17.67,17.69,0.113
2024-07-17 20:41:19+00:00,usd_mxn,17.67,17.69,0.113
2024-07-17 20:41:20+00:00,usd_mxn,17.67,17.69,0.113
2024-07-17 20:41:21+00:00,usd_mxn,17.67,17.69,0.113
2024-07-17 20:41:22+00:00,usd_mxn,17.67,17.69,0.113
2024-07-17 20:41:23+00:00,usd_mxn,17.67,17.69,0.113
2024-07-17 20:41:24+00:00,usd_mxn,17.67,17.69,0.113
2024-07-17 20:41:25+00:00,usd_mxn,17.67,17.69,0.113
2024-07-17 20:41:26+00:00,usd_mxn,17.67,17.69,0.113
2024-07-17 20:41:27+00:00,usd_mxn,17.67,17.69,0.113
2024-07-17 20:41:28+00:00,usd_mxn,17.67,17.69,0.113
2024-07-17 20:41:29+00:00,usd_mxn,17.67,17.69,0.113
2024-07-17 20:41:30+00:00,usd_mxn,17.67,17.69,0.113
2024-07-17 20:41:31+00:00,usd_mxn,17.67,17.69,0.113
2024-07-17 20:41:32+00:00,usd_mxn,17.67,17.69,0.113
2024-07-17 20:41:33+00:00,usd_mxn,17.67,17.69,0.113
2024-07-17 20:41:34+00:00,usd_mxn,17.67,17.69,0.113
2024-07-17 20:41:35+00:00,usd_mxn,17.67,17.69,0.113
2024-07-17 20:41:36+00:00,usd_mxn,17.67,17.69,0.113
2024-07-17 20:41:37+00:00,usd_mxn,17.67,17.69,0.113
2024-07-17 20:41:38+00:00,usd_mxn,17.67,17.69,0.113
2024-07-17 20:41:39+00:00,usd_mxn,17.67,17.69,0.113
2024-07-17 20:41:40+00:00,usd_mxn,17.67,17.69,0.113
2024-07-17 20:41:41+00:00,usd_mxn,17.67,17.69,0.113
2024-07-17 20:41:42+00:00,usd_mxn,17.67,17.69,0.113
2024-07-17 20:41:43+00:00,usd_mxn,17.67,17.69,0.113
2024-07-17 20:41:44+00:00,usd_mxn,17.67,17.69,0.113
2024-07-17 20:41:45+00:00,usd_mxn,17.67,17.69,0.113
2024-07-17 20:41:46+00:00,usd_mxn,17.67,17.69,0.113
2024-07-17 20:41:47+00:00,usd_mxn,17.67,17.69,0.113
2024-07-17 20:41:48+00:00,usd_mxn,17.67,17.69,0.113
2024-07-17 20:41:49+00:00,usd_mxn,17.67,17.69,0.113
2024-07-17 20:41:50+00:00,usd_mxn,17.67,17.69,0.113
2024-07-17 20:41:51+00:00,usd_mxn,17.67,17.69,0.113
2024-07-17 20:41:52+00:00,usd_mxn,17.67,17.69,0.113
2024-07-17 20:41:53+00:00,usd_mxn,17.67,17.69,0.113
2024-07-17 20:41:54+00:00,usd_mxn,17.67,17.69,0.113
2024-07-17 20:41:55+00:00,usd_mxn,17.67,17.69,0.113
2024-07-17 20:41:56+00:00,usd_mxn,17.67,17.69,0.113
2024-07-17 20:41:57+00:00,usd_mxn,17.67,17.69,0.113
2024-07-17 20:41:58+00:00,usd_mxn,17.67,17.69,0.113
2024-07-17 20:41:59+00:00,usd_mxn,17.67,17.69,0.113
2024-07-17 20:42:00+00:00,usd_mxn,17.67,17.69,0.113
2024-07-17 20:42:01+00:00,usd_mxn,17.67,17.69,0.113
2024-07-17 20:42:02+00:00,usd_mxn,17.67,17.69,0.113
2024-07-17 20:42:03+00:00,usd_mxn,17.67,17.69,0.113
2024-07-17 20:42:04+00:00,usd_mxn,17.67,17.69,0.113
2024-07-17 20:42:05+00:00,usd_mxn,17.67,17.69,0.113
2024-07-17 20:42:06+00:00,usd_mxn,17.67,17.69,0.113
2024-07-17 20:42:07+00:00,usd_mxn,17.67,17.69,0.113
2024-07-17 20:42:08+00:00,usd_mxn,17.67,17.69,0.113
2024-07-17 20:42:09+00:00,usd_mxn,17.67,17.69,0.113
2024-07-17 20:42:10+00:00,usd_mxn,17.67,17.69,0.113
2024-07-17 20:42:11+00:00,usd_mxn,17.67,17.69,0.113
2024-07-17 20:42:12+00:00,usd_mxn,17.67,17.69,0.113
2024-07-17 20:42:13+00:00,usd_mxn,17.67,17.69,0.113
2024-07-17 20:42:14+00:00,usd_mxn,17.67,17.69,0.113
2024-07-17 20:42:15+00:00,usd_mxn,17.67,17.69,0.113
2024-07-17 20:42:16+00:00,usd_mxn,17.67,17.69,0.113
2024-07-17 20:42:17+00:00,usd_mxn,17.67,17.69,0.113
2024-07-17 20:42:18+00:00,usd_mxn,17.67,17.69,0.113
2024-07-17 20:42:19+00:00,usd_mxn,17.67,17.69,0.113
2024-07-17 20:42:20+00:00,usd_mxn,17.67,17.69,0.113
2024-07-17 20:42:21+00:00,usd_mxn,17.67,17.69,0.113
2024-07-17 20:42:22+00:00,usd_mxn,17.67,17.69,0.113
2024-07-17 20:42:23+00:00,usd_mxn,17.67,17.69,0.113
2024-07-17 20:42:24+00:00,usd_mxn,17.67,17.69,0.113
2024-07-17 20:42:25+00:00,usd_mxn,17.67,17.69,0.113
2024-07-17 20:42:26+00:00,usd_mxn,17.67,17.69,0.113
2024-07-17 20:42:27+00:00,usd_mxn,17.67,17.69,0.113
2024-07-17 20:42:28+00:00,usd_mxn,17.67,17.69,0.113
2024-07-17 20:42:29+00:00,usd_mxn,17.67,17.69,0.113
2024-07-17 20:42:31+00:00,usd_mxn,17.67,17.69,0.113
2024-07-17 20:42:32+00:00,usd_mxn,17.67,17.69,0.113
2024-07-17 20:42:33+00:00,usd_mxn,17.67,17.69,0.113
2024-07-17 20:42:34+00:00,usd_mxn,17.67,17.69,0.113
2024-07-17 20:42:35+00:00,usd_mxn,17.67,17.69,0.113
2024-07-17 20:42:36+00:00,usd_mxn,17.67,17.69,0.113
2024-07-17 20:42:37+00:00,usd_mxn,17.67,17.69,0.113
2024-07-17 20:42:38+00:00,usd_mxn,17.67,17.69,0.113
2024-07-17 20:42:39+00:00,usd_mxn,17.67,17.69,0.113
2024-07-17 20:42:40+00:00,usd_mxn,17.67,17.69,0.113
2024-07-17 20:42:41+00:00,usd_mxn,17.67,17.69,0.113
2024-07-17 20:42:42+00:00,usd_mxn,17.67,17.69,0.113
2024-07-17 20:42:43+00:00,usd_mxn,17.67,17.69,0.113
2024-07-17 20:42:44+00:00,usd_mxn,17.67,17.69,0.113
2024-07-17 20:42:45+00:00,usd_mxn,17.67,17.69,0.113
2024-07-17 20:42:46+00:00,usd_mxn,17.67,17.69,0.113
2024-07-17 20:42:48+00:00,usd_mxn,17.67,17.69,0.113
2024-07-17 20:42:49+00:00,usd_mxn,17.67,17.69,0.113
2024-07-17 20:42:50+00:00,usd_mxn,17.67,17.69,0.113
2024-07-17 20:42:51+00:00,usd_mxn,17.67,17.69,0.113
2024-07-17 20:42:52+00:00,usd_mxn,17.67,17.69,0.113
2024-07-17 20:42:53+00:00,usd_mxn,17.67,17.69,0.113
2024-07-17 20:42:54+00:00,usd_mxn,17.67,17.69,0.113
2024-07-17 20:42:55+00:00,usd_mxn,17.67,17.69,0.113
2024-07-17 20:42:56+00:00,usd_mxn,17.67,17.69,0.113
2024-07-17 20:42:57+00:00,usd_mxn,17.67,17.69,0.113
2024-07-17 20:42:58+00:00,usd_mxn,17.67,17.69,0.113
2024-07-17 20:42:59+00:00,usd_mxn,17.67,17.69,0.113
2024-07-17 20:43:00+00:00,usd_mxn,17.67,17.69,0.113
2024-07-17 20:43:01+00:00,usd_mxn,17.67,17.69,0.113
2024-07-17 20:43:02+00:00,usd_mxn,17.67,17.69,0.113
2024-07-17 20:43:03+00:00,usd_mxn,17.67,17.69,0.113
2024-07-17 20:43:04+00:00,usd_mxn,17.67,17.69,0.113
2024-07-17 20:43:05+00:00,usd_mxn,17.67,17.69,0.113
2024-07-17 20:43:06+00:00,usd_mxn,17.67,17.69,0.113
2024-07-17 20:43:07+00:00,usd_mxn,17.67,17.69,0.113
2024-07-17 20:43:08+00:00,usd_mxn,17.67,17.69,0.113
2024-07-17 20:43:09+00:00,usd_mxn,17.67,17.69,0.113
2024-07-17 20:43:10+00:00,usd_mxn,17.67,17.69,0.113
2024-07-17 20:43:11+00:00,usd_mxn,17.67,17.69,0.113
2024-07-17 20:43:12+00:00,usd_mxn,17.67,17.69,0.113
2024-07-17 20:43:13+00:00,usd_mxn,17.67,17.69,0.113
2024-07-17 20:43:14+00:00,usd_mxn,17.67,17.69,0.113
2024-07-17 20:43:15+00:00,usd_mxn,17.67,17.69,0.113
2024-07-17 20:43:16+00:00,usd_mxn,17.67,17.69,0.113
2024-07-17 20:43:17+00:00,usd_mxn,17.67,17.69,0.113
2024-07-17 20:43:18+00:00,usd_mxn,17.67,17.69,0.113
2024-07-17 20:43:19+00:00,usd_mxn,17.67,17.69,0.113
2024-07-17 20:43:20+00:00,usd_mxn,17.67,17.69,0.113
2024-07-17 20:43:21+00:00,usd_mxn,17.67,17.69,0.113
2024-07-17 20:43:22+00:00,usd_mxn,17.67,17.69,0.113
2024-07-17 20:43:23+00:00,usd_mxn,17.67,17.69,0.113
2024-07-17 20:43:24+00:00,usd_mxn,17.67,17.69,0.113
2024-07-17 20:43:25+00:00,usd_mxn,17.67,17.69,0.113
2024-07-17 20:43:26+00:00,usd_mxn,17.67,17.69,0.113
2024-07-17 20:43:27+00:00,usd_mxn,17.67,17.69,0.113
2024-07-17 20:43:28+00:00,usd_mxn,17.67,17.69,0.113
2024-07-17 20:43:29+00:00,usd_mxn,17.67,17.69,0.113
2024-07-17 20:43:30+00:00,usd_mxn,17.67,17.69,0.113
2024-07-17 20:43:31+00:00,usd_mxn,17.67,17.69,0.113
2024-07-17 20:43:32+00:00,usd_mxn,17.67,17.69,0.113
2024-07-17 20:43:33+00:00,usd_mxn,17.67,17.69,0.113
2024-07-17 20:43:34+00:00,usd_mxn,17.67,17.69,0.113
2024-07-17 20:43:35+00:00,usd_mxn,17.67,17.69,0.113
2024-07-17 20:43:36+00:00,usd_mxn,17.67,17.69,0.113
2024-07-17 20:43:37+00:00,usd_mxn,17.67,17.69,0.113
