orderbook_timestamp,book,bid,ask,spread
2024-07-16 23:53:11+00:00,usd_mxn,17.64,17.65,0.057
2024-07-16 23:53:12+00:00,usd_mxn,17.64,17.65,0.057
2024-07-16 23:53:13+00:00,usd_mxn,17.64,17.65,0.057
2024-07-16 23:53:14+00:00,usd_mxn,17.64,17.65,0.057
2024-07-16 23:53:15+00:00,usd_mxn,17.64,17.65,0.057
2024-07-16 23:53:16+00:00,usd_mxn,17.64,17.65,0.057
2024-07-16 23:53:17+00:00,usd_mxn,17.64,17.65,0.057
2024-07-16 23:53:18+00:00,usd_mxn,17.64,17.65,0.057
2024-07-16 23:53:19+00:00,usd_mxn,17.64,17.65,0.057
2024-07-16 23:53:20+00:00,usd_mxn,17.64,17.65,0.057
2024-07-16 23:53:21+00:00,usd_mxn,17.64,17.65,0.057
2024-07-16 23:53:22+00:00,usd_mxn,17.64,17.65,0.057
2024-07-16 23:53:23+00:00,usd_mxn,17.64,17.65,0.057
2024-07-16 23:53:24+00:00,usd_mxn,17.64,17.65,0.057
2024-07-16 23:53:25+00:00,usd_mxn,17.64,17.65,0.057
2024-07-16 23:53:26+00:00,usd_mxn,17.64,17.65,0.057
2024-07-16 23:53:27+00:00,usd_mxn,17.64,17.65,0.057
2024-07-16 23:53:28+00:00,usd_mxn,17.64,17.65,0.057
2024-07-16 23:53:29+00:00,usd_mxn,17.64,17.65,0.057
2024-07-16 23:53:30+00:00,usd_mxn,17.64,17.65,0.057
2024-07-16 23:53:31+00:00,usd_mxn,17.64,17.65,0.057
2024-07-16 23:53:32+00:00,usd_mxn,17.64,17.65,0.057
2024-07-16 23:53:33+00:00,usd_mxn,17.64,17.65,0.057
2024-07-16 23:53:34+00:00,usd_mxn,17.64,17.65,0.057
2024-07-16 23:53:35+00:00,usd_mxn,17.64,17.65,0.057
2024-07-16 23:53:36+00:00,usd_mxn,17.64,17.65,0.057
2024-07-16 23:53:37+00:00,usd_mxn,17.64,17.65,0.057
2024-07-16 23:53:38+00:00,usd_mxn,17.64,17.65,0.057
2024-07-16 23:53:39+00:00,usd_mxn,17.64,17.65,0.057
2024-07-16 23:53:40+00:00,usd_mxn,17.64,17.65,0.057
2024-07-16 23:53:41+00:00,usd_mxn,17.64,17.65,0.057
2024-07-16 23:53:42+00:00,usd_mxn,17.64,17.65,0.057
2024-07-16 23:53:44+00:00,usd_mxn,17.64,17.65,0.057
2024-07-16 23:53:45+00:00,usd_mxn,17.64,17.65,0.057
2024-07-16 23:53:46+00:00,usd_mxn,17.64,17.65,0.057
2024-07-16 23:53:47+00:00,usd_mxn,17.64,17.65,0.057
2024-07-16 23:53:48+00:00,usd_mxn,17.64,17.65,0.057
2024-07-16 23:53:49+00:00,usd_mxn,17.64,17.65,0.057
2024-07-16 23:53:50+00:00,usd_mxn,17.64,17.65,0.057
2024-07-16 23:53:51+00:00,usd_mxn,17.64,17.65,0.057
2024-07-16 23:53:52+00:00,usd_mxn,17.64,17.65,0.057
2024-07-16 23:53:53+00:00,usd_mxn,17.64,17.65,0.057
2024-07-16 23:53:54+00:00,usd_mxn,17.64,17.65,0.057
2024-07-16 23:53:55+00:00,usd_mxn,17.64,17.65,0.057
2024-07-16 23:53:57+00:00,usd_mxn,17.64,17.65,0.057
2024-07-16 23:53:58+00:00,usd_mxn,17.64,17.65,0.057
2024-07-16 23:53:59+00:00,usd_mxn,17.64,17.65,0.057
2024-07-16 23:54:00+00:00,usd_mxn,17.64,17.65,0.057
2024-07-16 23:54:01+00:00,usd_mxn,17.64,17.65,0.057
2024-07-16 23:54:02+00:00,usd_mxn,17.64,17.65,0.057
2024-07-16 23:54:03+00:00,usd_mxn,17.64,17.65,0.057
2024-07-16 23:54:04+00:00,usd_mxn,17.64,17.65,0.057
2024-07-16 23:54:05+00:00,usd_mxn,17.64,17.65,0.057
2024-07-16 23:54:06+00:00,usd_mxn,17.64,17.65,0.057
2024-07-16 23:54:07+00:00,usd_mxn,17.64,17.65,0.057
2024-07-16 23:54:08+00:00,usd_mxn,17.64,17.65,0.057
2024-07-16 23:54:09+00:00,usd_mxn,17.64,17.65,0.057
2024-07-16 23:54:10+00:00,usd_mxn,17.64,17.65,0.057
2024-07-16 23:54:11+00:00,usd_mxn,17.64,17.65,0.057
2024-07-16 23:54:12+00:00,usd_mxn,17.64,17.65,0.057
2024-07-16 23:54:13+00:00,usd_mxn,17.64,17.65,0.057
2024-07-16 23:54:14+00:00,usd_mxn,17.64,17.65,0.057
2024-07-16 23:54:15+00:00,usd_mxn,17.64,17.65,0.057
2024-07-16 23:54:16+00:00,usd_mxn,17.64,17.65,0.057
2024-07-16 23:54:17+00:00,usd_mxn,17.64,17.65,0.057
2024-07-16 23:54:18+00:00,usd_mxn,17.64,17.65,0.057
2024-07-16 23:54:19+00:00,usd_mxn,17.64,17.65,0.057
2024-07-16 23:54:20+00:00,usd_mxn,17.64,17.65,0.057
2024-07-16 23:54:21+00:00,usd_mxn,17.64,17.65,0.057
2024-07-16 23:54:22+00:00,usd_mxn,17.64,17.65,0.057
2024-07-16 23:54:23+00:00,usd_mxn,17.64,17.65,0.057
2024-07-16 23:54:24+00:00,usd_mxn,17.64,17.65,0.057
2024-07-16 23:54:25+00:00,usd_mxn,17.64,17.65,0.057
2024-07-16 23:54:26+00:00,usd_mxn,17.64,17.65,0.057
2024-07-16 23:54:28+00:00,usd_mxn,17.64,17.65,0.057
2024-07-16 23:54:28+00:00,usd_mxn,17.64,17.65,0.057
2024-07-16 23:54:29+00:00,usd_mxn,17.64,17.65,0.057
2024-07-16 23:54:30+00:00,usd_mxn,17.64,17.65,0.057
2024-07-16 23:54:31+00:00,usd_mxn,17.64,17.65,0.057
2024-07-16 23:54:32+00:00,usd_mxn,17.64,17.65,0.057
2024-07-16 23:54:33+00:00,usd_mxn,17.64,17.65,0.057
2024-07-16 23:54:34+00:00,usd_mxn,17.64,17.65,0.057
2024-07-16 23:54:35+00:00,usd_mxn,17.64,17.65,0.057
2024-07-16 23:54:36+00:00,usd_mxn,17.64,17.65,0.057
2024-07-16 23:54:37+00:00,usd_mxn,17.64,17.65,0.057
2024-07-16 23:54:38+00:00,usd_mxn,17.64,17.65,0.057
2024-07-16 23:54:39+00:00,usd_mxn,17.64,17.65,0.057
2024-07-16 23:54:40+00:00,usd_mxn,17.64,17.65,0.057
2024-07-16 23:54:41+00:00,usd_mxn,17.64,17.65,0.057
2024-07-16 23:54:42+00:00,usd_mxn,17.64,17.65,0.057
2024-07-16 23:54:43+00:00,usd_mxn,17.64,17.65,0.057
2024-07-16 23:54:44+00:00,usd_mxn,17.64,17.65,0.057
2024-07-16 23:54:45+00:00,usd_mxn,17.64,17.65,0.057
2024-07-16 23:54:46+00:00,usd_mxn,17.64,17.65,0.057
2024-07-16 23:54:47+00:00,usd_mxn,17.64,17.65,0.057
2024-07-16 23:54:48+00:00,usd_mxn,17.64,17.65,0.057
2024-07-16 23:54:49+00:00,usd_mxn,17.64,17.65,0.057
2024-07-16 23:54:50+00:00,usd_mxn,17.64,17.65,0.057
2024-07-16 23:54:51+00:00,usd_mxn,17.64,17.65,0.057
2024-07-16 23:54:52+00:00,usd_mxn,17.64,17.65,0.057
2024-07-16 23:54:53+00:00,usd_mxn,17.64,17.65,0.057
2024-07-16 23:54:54+00:00,usd_mxn,17.64,17.65,0.057
2024-07-16 23:54:56+00:00,usd_mxn,17.64,17.65,0.057
2024-07-16 23:54:57+00:00,usd_mxn,17.64,17.65,0.057
2024-07-16 23:54:58+00:00,usd_mxn,17.64,17.65,0.057
2024-07-16 23:54:59+00:00,usd_mxn,17.64,17.65,0.057
2024-07-16 23:55:00+00:00,usd_mxn,17.64,17.65,0.057
2024-07-16 23:55:01+00:00,usd_mxn,17.64,17.65,0.057
2024-07-16 23:55:02+00:00,usd_mxn,17.64,17.65,0.057
2024-07-16 23:55:03+00:00,usd_mxn,17.64,17.65,0.057
2024-07-16 23:55:04+00:00,usd_mxn,17.64,17.65,0.057
2024-07-16 23:55:05+00:00,usd_mxn,17.64,17.65,0.057
2024-07-16 23:55:06+00:00,usd_mxn,17.64,17.65,0.057
2024-07-16 23:55:07+00:00,usd_mxn,17.64,17.65,0.057
2024-07-16 23:55:08+00:00,usd_mxn,17.64,17.65,0.057
2024-07-16 23:55:09+00:00,usd_mxn,17.64,17.65,0.057
2024-07-16 23:55:10+00:00,usd_mxn,17.64,17.65,0.057
2024-07-16 23:55:11+00:00,usd_mxn,17.64,17.65,0.057
2024-07-16 23:55:12+00:00,usd_mxn,17.64,17.65,0.057
2024-07-16 23:55:13+00:00,usd_mxn,17.64,17.65,0.057
2024-07-16 23:55:14+00:00,usd_mxn,17.64,17.65,0.057
2024-07-16 23:55:15+00:00,usd_mxn,17.64,17.65,0.057
2024-07-16 23:55:16+00:00,usd_mxn,17.64,17.65,0.057
2024-07-16 23:55:17+00:00,usd_mxn,17.64,17.65,0.057
2024-07-16 23:55:18+00:00,usd_mxn,17.64,17.65,0.057
2024-07-16 23:55:19+00:00,usd_mxn,17.64,17.65,0.057
2024-07-16 23:55:20+00:00,usd_mxn,17.64,17.65,0.057
2024-07-16 23:55:21+00:00,usd_mxn,17.64,17.65,0.057
2024-07-16 23:55:22+00:00,usd_mxn,17.64,17.65,0.057
2024-07-16 23:55:23+00:00,usd_mxn,17.64,17.65,0.057
2024-07-16 23:55:24+00:00,usd_mxn,17.64,17.65,0.057
2024-07-16 23:55:25+00:00,usd_mxn,17.64,17.65,0.057
2024-07-16 23:55:26+00:00,usd_mxn,17.64,17.65,0.057
2024-07-16 23:55:27+00:00,usd_mxn,17.64,17.65,0.057
2024-07-16 23:55:28+00:00,usd_mxn,17.64,17.65,0.057
2024-07-16 23:55:29+00:00,usd_mxn,17.64,17.65,0.057
2024-07-16 23:55:30+00:00,usd_mxn,17.64,17.65,0.057
2024-07-16 23:55:31+00:00,usd_mxn,17.64,17.65,0.057
2024-07-16 23:55:32+00:00,usd_mxn,17.64,17.65,0.057
2024-07-16 23:55:33+00:00,usd_mxn,17.64,17.65,0.057
2024-07-16 23:55:34+00:00,usd_mxn,17.64,17.65,0.057
2024-07-16 23:55:35+00:00,usd_mxn,17.64,17.65,0.057
2024-07-16 23:55:36+00:00,usd_mxn,17.64,17.65,0.057
2024-07-16 23:55:37+00:00,usd_mxn,17.64,17.65,0.057
2024-07-16 23:55:38+00:00,usd_mxn,17.64,17.65,0.057
2024-07-16 23:55:39+00:00,usd_mxn,17.64,17.65,0.057
2024-07-16 23:55:40+00:00,usd_mxn,17.64,17.65,0.057
2024-07-16 23:55:41+00:00,usd_mxn,17.64,17.65,0.057
2024-07-16 23:55:42+00:00,usd_mxn,17.64,17.65,0.057
2024-07-16 23:55:43+00:00,usd_mxn,17.64,17.65,0.057
2024-07-16 23:55:44+00:00,usd_mxn,17.64,17.65,0.057
2024-07-16 23:55:45+00:00,usd_mxn,17.64,17.65,0.057
2024-07-16 23:55:46+00:00,usd_mxn,17.64,17.65,0.057
2024-07-16 23:55:47+00:00,usd_mxn,17.64,17.65,0.057
2024-07-16 23:55:48+00:00,usd_mxn,17.64,17.65,0.057
2024-07-16 23:55:49+00:00,usd_mxn,17.64,17.65,0.057
2024-07-16 23:55:50+00:00,usd_mxn,17.64,17.65,0.057
2024-07-16 23:55:51+00:00,usd_mxn,17.64,17.65,0.057
2024-07-16 23:55:52+00:00,usd_mxn,17.64,17.65,0.057
2024-07-16 23:55:53+00:00,usd_mxn,17.64,17.65,0.057
2024-07-16 23:55:54+00:00,usd_mxn,17.64,17.65,0.057
2024-07-16 23:55:55+00:00,usd_mxn,17.64,17.65,0.057
2024-07-16 23:55:56+00:00,usd_mxn,17.64,17.65,0.057
2024-07-16 23:55:57+00:00,usd_mxn,17.64,17.65,0.057
2024-07-16 23:55:59+00:00,usd_mxn,17.64,17.65,0.057
2024-07-16 23:55:59+00:00,usd_mxn,17.64,17.65,0.057
2024-07-16 23:56:00+00:00,usd_mxn,17.64,17.65,0.057
2024-07-16 23:56:01+00:00,usd_mxn,17.64,17.65,0.057
2024-07-16 23:56:02+00:00,usd_mxn,17.64,17.65,0.057
2024-07-16 23:56:03+00:00,usd_mxn,17.64,17.65,0.057
2024-07-16 23:56:04+00:00,usd_mxn,17.64,17.65,0.057
2024-07-16 23:56:05+00:00,usd_mxn,17.64,17.65,0.057
2024-07-16 23:56:06+00:00,usd_mxn,17.64,17.65,0.057
2024-07-16 23:56:08+00:00,usd_mxn,17.64,17.65,0.057
2024-07-16 23:56:09+00:00,usd_mxn,17.64,17.65,0.057
2024-07-16 23:56:10+00:00,usd_mxn,17.64,17.65,0.057
2024-07-16 23:56:11+00:00,usd_mxn,17.64,17.65,0.057
2024-07-16 23:56:12+00:00,usd_mxn,17.64,17.65,0.057
2024-07-16 23:56:13+00:00,usd_mxn,17.64,17.65,0.057
2024-07-16 23:56:14+00:00,usd_mxn,17.64,17.65,0.057
2024-07-16 23:56:15+00:00,usd_mxn,17.64,17.65,0.057
2024-07-16 23:56:16+00:00,usd_mxn,17.64,17.65,0.057
2024-07-16 23:56:17+00:00,usd_mxn,17.64,17.65,0.057
2024-07-16 23:56:18+00:00,usd_mxn,17.64,17.65,0.057
2024-07-16 23:56:19+00:00,usd_mxn,17.64,17.65,0.057
2024-07-16 23:56:21+00:00,usd_mxn,17.64,17.65,0.057
2024-07-16 23:56:22+00:00,usd_mxn,17.64,17.65,0.057
2024-07-16 23:56:23+00:00,usd_mxn,17.64,17.65,0.057
2024-07-16 23:56:24+00:00,usd_mxn,17.64,17.65,0.057
2024-07-16 23:56:25+00:00,usd_mxn,17.64,17.65,0.057
2024-07-16 23:56:26+00:00,usd_mxn,17.64,17.65,0.057
2024-07-16 23:56:27+00:00,usd_mxn,17.64,17.65,0.057
2024-07-16 23:56:28+00:00,usd_mxn,17.64,17.65,0.057
2024-07-16 23:56:29+00:00,usd_mxn,17.64,17.65,0.057
2024-07-16 23:56:30+00:00,usd_mxn,17.64,17.65,0.057
2024-07-16 23:56:31+00:00,usd_mxn,17.64,17.65,0.057
2024-07-16 23:56:32+00:00,usd_mxn,17.64,17.65,0.057
2024-07-16 23:56:33+00:00,usd_mxn,17.64,17.65,0.057
2024-07-16 23:56:34+00:00,usd_mxn,17.64,17.65,0.057
2024-07-16 23:56:35+00:00,usd_mxn,17.64,17.65,0.057
2024-07-16 23:56:36+00:00,usd_mxn,17.64,17.65,0.057
2024-07-16 23:56:37+00:00,usd_mxn,17.64,17.65,0.057
2024-07-16 23:56:38+00:00,usd_mxn,17.64,17.65,0.057
2024-07-16 23:56:39+00:00,usd_mxn,17.64,17.65,0.057
2024-07-16 23:56:40+00:00,usd_mxn,17.64,17.65,0.057
2024-07-16 23:56:41+00:00,usd_mxn,17.64,17.65,0.057
2024-07-16 23:56:42+00:00,usd_mxn,17.64,17.65,0.057
2024-07-16 23:56:43+00:00,usd_mxn,17.64,17.65,0.057
2024-07-16 23:56:44+00:00,usd_mxn,17.64,17.65,0.057
2024-07-16 23:56:45+00:00,usd_mxn,17.64,17.65,0.057
2024-07-16 23:56:46+00:00,usd_mxn,17.64,17.65,0.057
2024-07-16 23:56:47+00:00,usd_mxn,17.64,17.65,0.057
2024-07-16 23:56:48+00:00,usd_mxn,17.64,17.65,0.057
2024-07-16 23:56:49+00:00,usd_mxn,17.64,17.65,0.057
2024-07-16 23:56:50+00:00,usd_mxn,17.64,17.65,0.057
2024-07-16 23:56:51+00:00,usd_mxn,17.64,17.65,0.057
2024-07-16 23:56:52+00:00,usd_mxn,17.64,17.65,0.057
2024-07-16 23:56:53+00:00,usd_mxn,17.64,17.65,0.057
2024-07-16 23:56:54+00:00,usd_mxn,17.64,17.65,0.057
2024-07-16 23:56:55+00:00,usd_mxn,17.64,17.65,0.057
2024-07-16 23:56:56+00:00,usd_mxn,17.64,17.65,0.057
2024-07-16 23:56:57+00:00,usd_mxn,17.64,17.65,0.057
2024-07-16 23:56:58+00:00,usd_mxn,17.64,17.65,0.057
2024-07-16 23:56:59+00:00,usd_mxn,17.64,17.65,0.057
2024-07-16 23:57:00+00:00,usd_mxn,17.64,17.65,0.057
2024-07-16 23:57:02+00:00,usd_mxn,17.64,17.65,0.057
2024-07-16 23:57:02+00:00,usd_mxn,17.64,17.65,0.057
2024-07-16 23:57:04+00:00,usd_mxn,17.64,17.65,0.057
2024-07-16 23:57:05+00:00,usd_mxn,17.64,17.65,0.057
2024-07-16 23:57:06+00:00,usd_mxn,17.64,17.65,0.057
2024-07-16 23:57:07+00:00,usd_mxn,17.64,17.65,0.057
2024-07-16 23:57:08+00:00,usd_mxn,17.64,17.65,0.057
2024-07-16 23:57:09+00:00,usd_mxn,17.64,17.65,0.057
2024-07-16 23:57:10+00:00,usd_mxn,17.64,17.65,0.057
2024-07-16 23:57:11+00:00,usd_mxn,17.64,17.65,0.057
2024-07-16 23:57:12+00:00,usd_mxn,17.64,17.65,0.057
2024-07-16 23:57:13+00:00,usd_mxn,17.64,17.65,0.057
2024-07-16 23:57:14+00:00,usd_mxn,17.64,17.65,0.057
2024-07-16 23:57:15+00:00,usd_mxn,17.64,17.65,0.057
2024-07-16 23:57:16+00:00,usd_mxn,17.64,17.65,0.057
2024-07-16 23:57:17+00:00,usd_mxn,17.64,17.65,0.057
2024-07-16 23:57:18+00:00,usd_mxn,17.64,17.65,0.057
2024-07-16 23:57:19+00:00,usd_mxn,17.64,17.65,0.057
2024-07-16 23:57:20+00:00,usd_mxn,17.64,17.65,0.057
2024-07-16 23:57:21+00:00,usd_mxn,17.64,17.65,0.057
2024-07-16 23:57:22+00:00,usd_mxn,17.64,17.65,0.057
2024-07-16 23:57:23+00:00,usd_mxn,17.64,17.65,0.057
2024-07-16 23:57:24+00:00,usd_mxn,17.64,17.65,0.057
2024-07-16 23:57:25+00:00,usd_mxn,17.64,17.65,0.057
2024-07-16 23:57:26+00:00,usd_mxn,17.64,17.65,0.057
2024-07-16 23:57:27+00:00,usd_mxn,17.64,17.65,0.057
2024-07-16 23:57:28+00:00,usd_mxn,17.64,17.65,0.057
2024-07-16 23:57:29+00:00,usd_mxn,17.64,17.65,0.057
2024-07-16 23:57:30+00:00,usd_mxn,17.64,17.65,0.057
2024-07-16 23:57:31+00:00,usd_mxn,17.64,17.65,0.057
2024-07-16 23:57:32+00:00,usd_mxn,17.64,17.65,0.057
2024-07-16 23:57:33+00:00,usd_mxn,17.64,17.65,0.057
2024-07-16 23:57:34+00:00,usd_mxn,17.64,17.65,0.057
2024-07-16 23:57:35+00:00,usd_mxn,17.64,17.65,0.057
2024-07-16 23:57:36+00:00,usd_mxn,17.64,17.65,0.057
2024-07-16 23:57:37+00:00,usd_mxn,17.64,17.65,0.057
2024-07-16 23:57:38+00:00,usd_mxn,17.64,17.65,0.057
2024-07-16 23:57:39+00:00,usd_mxn,17.64,17.65,0.057
2024-07-16 23:57:40+00:00,usd_mxn,17.64,17.65,0.057
2024-07-16 23:57:41+00:00,usd_mxn,17.64,17.65,0.057
2024-07-16 23:57:42+00:00,usd_mxn,17.64,17.65,0.057
2024-07-16 23:57:44+00:00,usd_mxn,17.64,17.65,0.057
2024-07-16 23:57:44+00:00,usd_mxn,17.64,17.65,0.057
2024-07-16 23:57:45+00:00,usd_mxn,17.64,17.65,0.057
2024-07-16 23:57:46+00:00,usd_mxn,17.64,17.65,0.057
2024-07-16 23:57:47+00:00,usd_mxn,17.64,17.65,0.057
2024-07-16 23:57:48+00:00,usd_mxn,17.64,17.65,0.057
2024-07-16 23:57:49+00:00,usd_mxn,17.64,17.65,0.057
2024-07-16 23:57:50+00:00,usd_mxn,17.64,17.65,0.057
2024-07-16 23:57:51+00:00,usd_mxn,17.64,17.65,0.057
2024-07-16 23:57:52+00:00,usd_mxn,17.64,17.65,0.057
2024-07-16 23:57:53+00:00,usd_mxn,17.64,17.65,0.057
2024-07-16 23:57:54+00:00,usd_mxn,17.64,17.65,0.057
2024-07-16 23:57:55+00:00,usd_mxn,17.64,17.65,0.057
2024-07-16 23:57:56+00:00,usd_mxn,17.64,17.65,0.057
2024-07-16 23:57:57+00:00,usd_mxn,17.64,17.65,0.057
2024-07-16 23:57:58+00:00,usd_mxn,17.64,17.65,0.057
2024-07-16 23:57:59+00:00,usd_mxn,17.64,17.65,0.057
2024-07-16 23:58:00+00:00,usd_mxn,17.64,17.65,0.057
2024-07-16 23:58:01+00:00,usd_mxn,17.64,17.65,0.057
2024-07-16 23:58:02+00:00,usd_mxn,17.64,17.65,0.057
2024-07-16 23:58:03+00:00,usd_mxn,17.64,17.65,0.057
2024-07-16 23:58:04+00:00,usd_mxn,17.64,17.65,0.057
2024-07-16 23:58:05+00:00,usd_mxn,17.64,17.65,0.057
2024-07-16 23:58:06+00:00,usd_mxn,17.64,17.65,0.057
2024-07-16 23:58:07+00:00,usd_mxn,17.64,17.65,0.057
2024-07-16 23:58:08+00:00,usd_mxn,17.64,17.65,0.057
2024-07-16 23:58:09+00:00,usd_mxn,17.64,17.65,0.057
2024-07-16 23:58:10+00:00,usd_mxn,17.64,17.65,0.057
2024-07-16 23:58:11+00:00,usd_mxn,17.64,17.65,0.057
2024-07-16 23:58:12+00:00,usd_mxn,17.64,17.65,0.057
2024-07-16 23:58:13+00:00,usd_mxn,17.64,17.65,0.057
2024-07-16 23:58:14+00:00,usd_mxn,17.64,17.65,0.057
2024-07-16 23:58:15+00:00,usd_mxn,17.64,17.65,0.057
2024-07-16 23:58:16+00:00,usd_mxn,17.64,17.65,0.057
2024-07-16 23:58:17+00:00,usd_mxn,17.64,17.65,0.057
2024-07-16 23:58:18+00:00,usd_mxn,17.64,17.65,0.057
2024-07-16 23:58:19+00:00,usd_mxn,17.64,17.65,0.057
2024-07-16 23:58:20+00:00,usd_mxn,17.64,17.65,0.057
2024-07-16 23:58:21+00:00,usd_mxn,17.64,17.65,0.057
2024-07-16 23:58:23+00:00,usd_mxn,17.64,17.65,0.057
2024-07-16 23:58:24+00:00,usd_mxn,17.64,17.65,0.057
2024-07-16 23:58:24+00:00,usd_mxn,17.64,17.65,0.057
2024-07-16 23:58:26+00:00,usd_mxn,17.64,17.65,0.057
2024-07-16 23:58:27+00:00,usd_mxn,17.64,17.65,0.057
2024-07-16 23:58:28+00:00,usd_mxn,17.64,17.65,0.057
2024-07-16 23:58:29+00:00,usd_mxn,17.64,17.65,0.057
2024-07-16 23:58:30+00:00,usd_mxn,17.64,17.65,0.057
2024-07-16 23:58:30+00:00,usd_mxn,17.64,17.65,0.057
2024-07-16 23:58:32+00:00,usd_mxn,17.64,17.65,0.057
2024-07-16 23:58:33+00:00,usd_mxn,17.64,17.65,0.057
2024-07-16 23:58:34+00:00,usd_mxn,17.64,17.65,0.057
2024-07-16 23:58:35+00:00,usd_mxn,17.64,17.65,0.057
2024-07-16 23:58:36+00:00,usd_mxn,17.64,17.65,0.057
2024-07-16 23:58:37+00:00,usd_mxn,17.64,17.65,0.057
2024-07-16 23:58:38+00:00,usd_mxn,17.64,17.65,0.057
2024-07-16 23:58:39+00:00,usd_mxn,17.64,17.65,0.057
2024-07-16 23:58:40+00:00,usd_mxn,17.64,17.65,0.057
2024-07-16 23:58:41+00:00,usd_mxn,17.64,17.65,0.057
2024-07-16 23:58:42+00:00,usd_mxn,17.64,17.65,0.057
2024-07-16 23:58:43+00:00,usd_mxn,17.64,17.65,0.057
2024-07-16 23:58:44+00:00,usd_mxn,17.64,17.65,0.057
2024-07-16 23:58:45+00:00,usd_mxn,17.64,17.65,0.057
2024-07-16 23:58:46+00:00,usd_mxn,17.64,17.65,0.057
2024-07-16 23:58:47+00:00,usd_mxn,17.64,17.65,0.057
2024-07-16 23:58:48+00:00,usd_mxn,17.64,17.65,0.057
2024-07-16 23:58:49+00:00,usd_mxn,17.64,17.65,0.057
2024-07-16 23:58:50+00:00,usd_mxn,17.64,17.65,0.057
2024-07-16 23:58:51+00:00,usd_mxn,17.64,17.65,0.057
2024-07-16 23:58:52+00:00,usd_mxn,17.64,17.65,0.057
2024-07-16 23:58:53+00:00,usd_mxn,17.64,17.65,0.057
2024-07-16 23:58:54+00:00,usd_mxn,17.64,17.65,0.057
2024-07-16 23:58:55+00:00,usd_mxn,17.64,17.65,0.057
2024-07-16 23:58:56+00:00,usd_mxn,17.64,17.65,0.057
2024-07-16 23:58:57+00:00,usd_mxn,17.64,17.65,0.057
2024-07-16 23:58:58+00:00,usd_mxn,17.64,17.65,0.057
2024-07-16 23:58:59+00:00,usd_mxn,17.64,17.65,0.057
2024-07-16 23:59:00+00:00,usd_mxn,17.64,17.65,0.057
2024-07-16 23:59:01+00:00,usd_mxn,17.64,17.65,0.057
2024-07-16 23:59:02+00:00,usd_mxn,17.64,17.65,0.057
2024-07-16 23:59:03+00:00,usd_mxn,17.64,17.65,0.057
2024-07-16 23:59:04+00:00,usd_mxn,17.64,17.65,0.057
2024-07-16 23:59:05+00:00,usd_mxn,17.64,17.65,0.057
2024-07-16 23:59:06+00:00,usd_mxn,17.64,17.65,0.057
2024-07-16 23:59:07+00:00,usd_mxn,17.64,17.65,0.057
2024-07-16 23:59:08+00:00,usd_mxn,17.64,17.65,0.057
2024-07-16 23:59:09+00:00,usd_mxn,17.64,17.65,0.057
2024-07-16 23:59:10+00:00,usd_mxn,17.64,17.65,0.057
2024-07-16 23:59:11+00:00,usd_mxn,17.64,17.65,0.057
2024-07-16 23:59:12+00:00,usd_mxn,17.64,17.65,0.057
2024-07-16 23:59:13+00:00,usd_mxn,17.64,17.65,0.057
2024-07-16 23:59:14+00:00,usd_mxn,17.64,17.65,0.057
2024-07-16 23:59:16+00:00,usd_mxn,17.64,17.65,0.057
2024-07-16 23:59:16+00:00,usd_mxn,17.64,17.65,0.057
2024-07-16 23:59:17+00:00,usd_mxn,17.64,17.65,0.057
2024-07-16 23:59:18+00:00,usd_mxn,17.64,17.65,0.057
2024-07-16 23:59:19+00:00,usd_mxn,17.64,17.65,0.057
2024-07-16 23:59:20+00:00,usd_mxn,17.64,17.65,0.057
2024-07-16 23:59:21+00:00,usd_mxn,17.64,17.65,0.057
2024-07-16 23:59:22+00:00,usd_mxn,17.64,17.65,0.057
2024-07-16 23:59:23+00:00,usd_mxn,17.64,17.65,0.057
2024-07-16 23:59:24+00:00,usd_mxn,17.64,17.65,0.057
2024-07-16 23:59:25+00:00,usd_mxn,17.64,17.65,0.057
2024-07-16 23:59:26+00:00,usd_mxn,17.64,17.65,0.057
2024-07-16 23:59:27+00:00,usd_mxn,17.64,17.65,0.057
2024-07-16 23:59:28+00:00,usd_mxn,17.64,17.65,0.057
2024-07-16 23:59:29+00:00,usd_mxn,17.64,17.65,0.057
2024-07-16 23:59:30+00:00,usd_mxn,17.64,17.65,0.057
2024-07-16 23:59:31+00:00,usd_mxn,17.64,17.65,0.057
2024-07-16 23:59:32+00:00,usd_mxn,17.64,17.65,0.057
2024-07-16 23:59:33+00:00,usd_mxn,17.64,17.65,0.057
2024-07-16 23:59:34+00:00,usd_mxn,17.64,17.65,0.057
2024-07-16 23:59:36+00:00,usd_mxn,17.64,17.65,0.057
2024-07-16 23:59:37+00:00,usd_mxn,17.64,17.65,0.057
2024-07-16 23:59:38+00:00,usd_mxn,17.64,17.65,0.057
2024-07-16 23:59:39+00:00,usd_mxn,17.64,17.65,0.057
2024-07-16 23:59:39+00:00,usd_mxn,17.64,17.65,0.057
2024-07-16 23:59:41+00:00,usd_mxn,17.64,17.65,0.057
2024-07-16 23:59:42+00:00,usd_mxn,17.64,17.65,0.057
2024-07-16 23:59:43+00:00,usd_mxn,17.64,17.65,0.057
2024-07-16 23:59:44+00:00,usd_mxn,17.64,17.65,0.057
2024-07-16 23:59:45+00:00,usd_mxn,17.64,17.65,0.057
2024-07-16 23:59:46+00:00,usd_mxn,17.64,17.65,0.057
2024-07-16 23:59:47+00:00,usd_mxn,17.64,17.65,0.057
2024-07-16 23:59:48+00:00,usd_mxn,17.64,17.65,0.057
2024-07-16 23:59:49+00:00,usd_mxn,17.64,17.65,0.057
2024-07-16 23:59:50+00:00,usd_mxn,17.64,17.65,0.057
2024-07-16 23:59:51+00:00,usd_mxn,17.64,17.65,0.057
2024-07-16 23:59:52+00:00,usd_mxn,17.64,17.65,0.057
2024-07-16 23:59:53+00:00,usd_mxn,17.64,17.65,0.057
2024-07-16 23:59:54+00:00,usd_mxn,17.64,17.65,0.057
2024-07-16 23:59:55+00:00,usd_mxn,17.64,17.65,0.057
2024-07-16 23:59:56+00:00,usd_mxn,17.64,17.65,0.057
2024-07-16 23:59:57+00:00,usd_mxn,17.64,17.65,0.057
2024-07-16 23:59:58+00:00,usd_mxn,17.64,17.65,0.057
2024-07-16 23:59:59+00:00,usd_mxn,17.64,17.65,0.057
2024-07-17 00:00:00+00:00,usd_mxn,17.64,17.65,0.057
2024-07-17 00:00:01+00:00,usd_mxn,17.64,17.65,0.057
2024-07-17 00:00:02+00:00,usd_mxn,17.64,17.65,0.057
2024-07-17 00:00:03+00:00,usd_mxn,17.64,17.65,0.057
2024-07-17 00:00:04+00:00,usd_mxn,17.64,17.65,0.057
2024-07-17 00:00:05+00:00,usd_mxn,17.64,17.65,0.057
2024-07-17 00:00:06+00:00,usd_mxn,17.64,17.65,0.057
2024-07-17 00:00:07+00:00,usd_mxn,17.64,17.65,0.057
2024-07-17 00:00:08+00:00,usd_mxn,17.64,17.65,0.057
2024-07-17 00:00:09+00:00,usd_mxn,17.64,17.65,0.057
2024-07-17 00:00:10+00:00,usd_mxn,17.64,17.65,0.057
2024-07-17 00:00:11+00:00,usd_mxn,17.64,17.65,0.057
2024-07-17 00:00:12+00:00,usd_mxn,17.64,17.65,0.057
2024-07-17 00:00:13+00:00,usd_mxn,17.64,17.65,0.057
2024-07-17 00:00:14+00:00,usd_mxn,17.64,17.65,0.057
2024-07-17 00:00:15+00:00,usd_mxn,17.64,17.65,0.057
2024-07-17 00:00:16+00:00,usd_mxn,17.64,17.65,0.057
2024-07-17 00:00:17+00:00,usd_mxn,17.64,17.65,0.057
2024-07-17 00:00:18+00:00,usd_mxn,17.64,17.65,0.057
2024-07-17 00:00:19+00:00,usd_mxn,17.64,17.65,0.057
2024-07-17 00:00:20+00:00,usd_mxn,17.64,17.65,0.057
2024-07-17 00:00:21+00:00,usd_mxn,17.64,17.65,0.057
2024-07-17 00:00:22+00:00,usd_mxn,17.64,17.65,0.057
2024-07-17 00:00:23+00:00,usd_mxn,17.64,17.65,0.057
2024-07-17 00:00:24+00:00,usd_mxn,17.64,17.65,0.057
2024-07-17 00:00:25+00:00,usd_mxn,17.64,17.65,0.057
2024-07-17 00:00:26+00:00,usd_mxn,17.64,17.65,0.057
2024-07-17 00:00:27+00:00,usd_mxn,17.64,17.65,0.057
2024-07-17 00:00:28+00:00,usd_mxn,17.64,17.65,0.057
2024-07-17 00:00:29+00:00,usd_mxn,17.64,17.65,0.057
2024-07-17 00:00:30+00:00,usd_mxn,17.64,17.65,0.057
2024-07-17 00:00:31+00:00,usd_mxn,17.64,17.65,0.057
2024-07-17 00:00:32+00:00,usd_mxn,17.64,17.65,0.057
2024-07-17 00:00:33+00:00,usd_mxn,17.64,17.65,0.057
2024-07-17 00:00:34+00:00,usd_mxn,17.64,17.65,0.057
2024-07-17 00:00:35+00:00,usd_mxn,17.64,17.65,0.057
2024-07-17 00:00:36+00:00,usd_mxn,17.64,17.65,0.057
2024-07-17 00:00:37+00:00,usd_mxn,17.64,17.65,0.057
2024-07-17 00:00:38+00:00,usd_mxn,17.64,17.65,0.057
2024-07-17 00:00:39+00:00,usd_mxn,17.64,17.65,0.057
2024-07-17 00:00:40+00:00,usd_mxn,17.64,17.65,0.057
2024-07-17 00:00:41+00:00,usd_mxn,17.64,17.65,0.057
2024-07-17 00:00:42+00:00,usd_mxn,17.64,17.65,0.057
2024-07-17 00:00:43+00:00,usd_mxn,17.64,17.65,0.057
2024-07-17 00:00:44+00:00,usd_mxn,17.64,17.65,0.057
2024-07-17 00:00:45+00:00,usd_mxn,17.64,17.65,0.057
2024-07-17 00:00:46+00:00,usd_mxn,17.64,17.65,0.057
2024-07-17 00:00:47+00:00,usd_mxn,17.64,17.65,0.057
2024-07-17 00:00:48+00:00,usd_mxn,17.64,17.65,0.057
2024-07-17 00:00:49+00:00,usd_mxn,17.64,17.65,0.057
2024-07-17 00:00:51+00:00,usd_mxn,17.64,17.65,0.057
2024-07-17 00:00:52+00:00,usd_mxn,17.64,17.65,0.057
2024-07-17 00:00:53+00:00,usd_mxn,17.64,17.65,0.057
2024-07-17 00:00:54+00:00,usd_mxn,17.64,17.65,0.057
2024-07-17 00:00:55+00:00,usd_mxn,17.64,17.65,0.057
2024-07-17 00:00:56+00:00,usd_mxn,17.64,17.65,0.057
2024-07-17 00:00:57+00:00,usd_mxn,17.64,17.65,0.057
2024-07-17 00:00:58+00:00,usd_mxn,17.64,17.65,0.057
2024-07-17 00:00:59+00:00,usd_mxn,17.64,17.65,0.057
2024-07-17 00:01:00+00:00,usd_mxn,17.64,17.65,0.057
2024-07-17 00:01:01+00:00,usd_mxn,17.64,17.65,0.057
2024-07-17 00:01:02+00:00,usd_mxn,17.64,17.65,0.057
2024-07-17 00:01:03+00:00,usd_mxn,17.64,17.65,0.057
2024-07-17 00:01:04+00:00,usd_mxn,17.64,17.65,0.057
2024-07-17 00:01:05+00:00,usd_mxn,17.64,17.65,0.057
2024-07-17 00:01:06+00:00,usd_mxn,17.64,17.65,0.057
2024-07-17 00:01:07+00:00,usd_mxn,17.64,17.65,0.057
2024-07-17 00:01:08+00:00,usd_mxn,17.64,17.65,0.057
2024-07-17 00:01:09+00:00,usd_mxn,17.64,17.65,0.057
2024-07-17 00:01:10+00:00,usd_mxn,17.64,17.65,0.057
2024-07-17 00:01:11+00:00,usd_mxn,17.64,17.65,0.057
2024-07-17 00:01:12+00:00,usd_mxn,17.64,17.65,0.057
2024-07-17 00:01:13+00:00,usd_mxn,17.64,17.65,0.057
2024-07-17 00:01:14+00:00,usd_mxn,17.64,17.65,0.057
2024-07-17 00:01:15+00:00,usd_mxn,17.64,17.65,0.057
2024-07-17 00:01:16+00:00,usd_mxn,17.64,17.65,0.057
2024-07-17 00:01:17+00:00,usd_mxn,17.64,17.65,0.057
2024-07-17 00:01:18+00:00,usd_mxn,17.64,17.65,0.057
2024-07-17 00:01:19+00:00,usd_mxn,17.64,17.65,0.057
2024-07-17 00:01:20+00:00,usd_mxn,17.64,17.65,0.057
2024-07-17 00:01:21+00:00,usd_mxn,17.64,17.65,0.057
2024-07-17 00:01:22+00:00,usd_mxn,17.64,17.65,0.057
2024-07-17 00:01:23+00:00,usd_mxn,17.64,17.65,0.057
2024-07-17 00:01:24+00:00,usd_mxn,17.64,17.65,0.057
2024-07-17 00:01:25+00:00,usd_mxn,17.64,17.65,0.057
2024-07-17 00:01:26+00:00,usd_mxn,17.64,17.65,0.057
2024-07-17 00:01:27+00:00,usd_mxn,17.64,17.65,0.057
2024-07-17 00:01:28+00:00,usd_mxn,17.64,17.65,0.057
2024-07-17 00:01:29+00:00,usd_mxn,17.64,17.65,0.057
2024-07-17 00:01:30+00:00,usd_mxn,17.64,17.65,0.057
2024-07-17 00:01:31+00:00,usd_mxn,17.64,17.65,0.057
2024-07-17 00:01:32+00:00,usd_mxn,17.64,17.65,0.057
2024-07-17 00:01:33+00:00,usd_mxn,17.64,17.65,0.057
2024-07-17 00:01:34+00:00,usd_mxn,17.64,17.65,0.057
2024-07-17 00:01:35+00:00,usd_mxn,17.64,17.65,0.057
2024-07-17 00:01:36+00:00,usd_mxn,17.64,17.65,0.057
2024-07-17 00:01:37+00:00,usd_mxn,17.64,17.65,0.057
2024-07-17 00:01:38+00:00,usd_mxn,17.64,17.65,0.057
2024-07-17 00:01:39+00:00,usd_mxn,17.64,17.65,0.057
2024-07-17 00:01:40+00:00,usd_mxn,17.64,17.65,0.057
2024-07-17 00:01:41+00:00,usd_mxn,17.64,17.65,0.057
2024-07-17 00:01:42+00:00,usd_mxn,17.64,17.65,0.057
2024-07-17 00:01:43+00:00,usd_mxn,17.64,17.65,0.057
2024-07-17 00:01:44+00:00,usd_mxn,17.64,17.65,0.057
2024-07-17 00:01:46+00:00,usd_mxn,17.64,17.65,0.057
2024-07-17 00:01:46+00:00,usd_mxn,17.64,17.65,0.057
2024-07-17 00:01:48+00:00,usd_mxn,17.64,17.65,0.057
2024-07-17 00:01:49+00:00,usd_mxn,17.64,17.65,0.057
2024-07-17 00:01:50+00:00,usd_mxn,17.64,17.65,0.057
2024-07-17 00:01:51+00:00,usd_mxn,17.64,17.65,0.057
2024-07-17 00:01:52+00:00,usd_mxn,17.64,17.65,0.057
2024-07-17 00:01:53+00:00,usd_mxn,17.64,17.65,0.057
2024-07-17 00:01:54+00:00,usd_mxn,17.64,17.65,0.057
2024-07-17 00:01:55+00:00,usd_mxn,17.64,17.65,0.057
2024-07-17 00:01:56+00:00,usd_mxn,17.64,17.65,0.057
2024-07-17 00:01:57+00:00,usd_mxn,17.64,17.65,0.057
2024-07-17 00:01:58+00:00,usd_mxn,17.64,17.65,0.057
2024-07-17 00:01:59+00:00,usd_mxn,17.64,17.65,0.057
2024-07-17 00:02:00+00:00,usd_mxn,17.64,17.65,0.057
2024-07-17 00:02:01+00:00,usd_mxn,17.64,17.65,0.057
2024-07-17 00:02:02+00:00,usd_mxn,17.64,17.65,0.057
2024-07-17 00:02:03+00:00,usd_mxn,17.64,17.65,0.057
2024-07-17 00:02:04+00:00,usd_mxn,17.64,17.65,0.057
2024-07-17 00:02:05+00:00,usd_mxn,17.64,17.65,0.057
2024-07-17 00:02:06+00:00,usd_mxn,17.64,17.65,0.057
2024-07-17 00:02:07+00:00,usd_mxn,17.64,17.65,0.057
2024-07-17 00:02:08+00:00,usd_mxn,17.64,17.65,0.057
2024-07-17 00:02:09+00:00,usd_mxn,17.64,17.65,0.057
2024-07-17 00:02:10+00:00,usd_mxn,17.64,17.65,0.057
2024-07-17 00:02:11+00:00,usd_mxn,17.64,17.65,0.057
2024-07-17 00:02:12+00:00,usd_mxn,17.64,17.65,0.057
2024-07-17 00:02:13+00:00,usd_mxn,17.64,17.65,0.057
2024-07-17 00:02:14+00:00,usd_mxn,17.64,17.65,0.057
2024-07-17 00:02:15+00:00,usd_mxn,17.64,17.65,0.057
2024-07-17 00:02:16+00:00,usd_mxn,17.64,17.65,0.057
2024-07-17 00:02:17+00:00,usd_mxn,17.64,17.65,0.057
2024-07-17 00:02:18+00:00,usd_mxn,17.64,17.65,0.057
2024-07-17 00:02:19+00:00,usd_mxn,17.64,17.65,0.057
2024-07-17 00:02:20+00:00,usd_mxn,17.64,17.65,0.057
2024-07-17 00:02:21+00:00,usd_mxn,17.64,17.65,0.057
2024-07-17 00:02:22+00:00,usd_mxn,17.64,17.65,0.057
2024-07-17 00:02:23+00:00,usd_mxn,17.64,17.65,0.057
2024-07-17 00:02:24+00:00,usd_mxn,17.64,17.65,0.057
2024-07-17 00:02:25+00:00,usd_mxn,17.64,17.65,0.057
2024-07-17 00:02:26+00:00,usd_mxn,17.64,17.65,0.057
2024-07-17 00:02:27+00:00,usd_mxn,17.64,17.65,0.057
2024-07-17 00:02:28+00:00,usd_mxn,17.64,17.65,0.057
2024-07-17 00:02:29+00:00,usd_mxn,17.64,17.65,0.057
2024-07-17 00:02:30+00:00,usd_mxn,17.64,17.65,0.057
2024-07-17 00:02:31+00:00,usd_mxn,17.64,17.65,0.057
2024-07-17 00:02:32+00:00,usd_mxn,17.64,17.65,0.057
2024-07-17 00:02:33+00:00,usd_mxn,17.64,17.65,0.057
2024-07-17 00:02:34+00:00,usd_mxn,17.64,17.65,0.057
2024-07-17 00:02:35+00:00,usd_mxn,17.64,17.65,0.057
2024-07-17 00:02:36+00:00,usd_mxn,17.64,17.65,0.057
2024-07-17 00:02:37+00:00,usd_mxn,17.64,17.65,0.057
2024-07-17 00:02:38+00:00,usd_mxn,17.64,17.65,0.057
2024-07-17 00:02:40+00:00,usd_mxn,17.64,17.65,0.057
2024-07-17 00:02:41+00:00,usd_mxn,17.64,17.65,0.057
2024-07-17 00:02:41+00:00,usd_mxn,17.64,17.65,0.057
2024-07-17 00:02:42+00:00,usd_mxn,17.64,17.65,0.057
2024-07-17 00:02:43+00:00,usd_mxn,17.64,17.65,0.057
2024-07-17 00:02:44+00:00,usd_mxn,17.64,17.65,0.057
2024-07-17 00:02:46+00:00,usd_mxn,17.64,17.65,0.057
2024-07-17 00:02:46+00:00,usd_mxn,17.64,17.65,0.057
2024-07-17 00:02:48+00:00,usd_mxn,17.64,17.65,0.057
2024-07-17 00:02:49+00:00,usd_mxn,17.64,17.65,0.057
2024-07-17 00:02:50+00:00,usd_mxn,17.64,17.65,0.057
2024-07-17 00:02:51+00:00,usd_mxn,17.64,17.65,0.057
2024-07-17 00:02:52+00:00,usd_mxn,17.64,17.65,0.057
2024-07-17 00:02:53+00:00,usd_mxn,17.64,17.65,0.057
2024-07-17 00:02:54+00:00,usd_mxn,17.64,17.65,0.057
2024-07-17 00:02:55+00:00,usd_mxn,17.64,17.65,0.057
2024-07-17 00:02:56+00:00,usd_mxn,17.64,17.65,0.057
2024-07-17 00:02:57+00:00,usd_mxn,17.64,17.65,0.057
2024-07-17 00:02:58+00:00,usd_mxn,17.64,17.65,0.057
2024-07-17 00:02:59+00:00,usd_mxn,17.64,17.65,0.057
2024-07-17 00:03:00+00:00,usd_mxn,17.64,17.65,0.057
2024-07-17 00:03:01+00:00,usd_mxn,17.64,17.65,0.057
2024-07-17 00:03:02+00:00,usd_mxn,17.64,17.65,0.057
2024-07-17 00:03:03+00:00,usd_mxn,17.64,17.65,0.057
2024-07-17 00:03:04+00:00,usd_mxn,17.64,17.65,0.057
2024-07-17 00:03:05+00:00,usd_mxn,17.64,17.65,0.057
2024-07-17 00:03:06+00:00,usd_mxn,17.64,17.65,0.057
2024-07-17 00:03:07+00:00,usd_mxn,17.64,17.65,0.057
2024-07-17 00:03:08+00:00,usd_mxn,17.64,17.65,0.057
2024-07-17 00:03:09+00:00,usd_mxn,17.64,17.65,0.057
2024-07-17 00:03:10+00:00,usd_mxn,17.64,17.65,0.057
2024-07-17 00:03:11+00:00,usd_mxn,17.64,17.65,0.057
2024-07-17 00:03:12+00:00,usd_mxn,17.64,17.65,0.057
2024-07-17 00:03:13+00:00,usd_mxn,17.64,17.65,0.057
2024-07-17 00:03:14+00:00,usd_mxn,17.64,17.65,0.057
2024-07-17 00:03:15+00:00,usd_mxn,17.64,17.65,0.057
2024-07-17 00:03:16+00:00,usd_mxn,17.64,17.65,0.057
2024-07-17 00:03:17+00:00,usd_mxn,17.64,17.65,0.057
2024-07-17 00:03:18+00:00,usd_mxn,17.64,17.65,0.057
2024-07-17 00:03:19+00:00,usd_mxn,17.64,17.65,0.057
2024-07-17 00:03:20+00:00,usd_mxn,17.64,17.65,0.057
2024-07-17 00:03:21+00:00,usd_mxn,17.64,17.65,0.057
