orderbook_timestamp,book,bid,ask,spread
2024-07-17 14:37:47+00:00,btc_mxn,1157699.98,1157700.02,0.0
2024-07-17 14:37:48+00:00,btc_mxn,1157699.98,1157700.02,0.0
2024-07-17 14:37:49+00:00,btc_mxn,1157699.98,1157700.02,0.0
2024-07-17 14:37:50+00:00,btc_mxn,1157699.98,1157700.02,0.0
2024-07-17 14:37:51+00:00,btc_mxn,1157699.98,1157700.02,0.0
2024-07-17 14:37:52+00:00,btc_mxn,1157699.98,1157700.02,0.0
2024-07-17 14:37:53+00:00,btc_mxn,1157699.98,1157700.02,0.0
2024-07-17 14:37:54+00:00,btc_mxn,1157699.98,1157700.02,0.0
2024-07-17 14:37:56+00:00,btc_mxn,1157699.98,1157700.02,0.0
2024-07-17 14:37:57+00:00,btc_mxn,1157699.98,1157700.02,0.0
2024-07-17 14:37:58+00:00,btc_mxn,1157699.98,1157700.02,0.0
2024-07-17 14:37:59+00:00,btc_mxn,1157699.98,1157700.02,0.0
2024-07-17 14:38:00+00:00,btc_mxn,1157699.98,1157700.02,0.0
2024-07-17 14:38:01+00:00,btc_mxn,1157699.98,1157700.02,0.0
2024-07-17 14:38:02+00:00,btc_mxn,1157699.98,1157700.02,0.0
2024-07-17 14:38:03+00:00,btc_mxn,1154740.0,1157060.0,0.201
2024-07-17 14:38:04+00:00,btc_mxn,1154740.0,1157020.0,0.197
2024-07-17 14:38:05+00:00,btc_mxn,1154740.0,1157010.0,0.196
2024-07-17 14:38:06+00:00,btc_mxn,1154740.0,1157020.0,0.197
2024-07-17 14:38:07+00:00,btc_mxn,1154740.0,1157020.0,0.197
2024-07-17 14:38:08+00:00,btc_mxn,1154740.0,1157020.0,0.197
2024-07-17 14:38:09+00:00,btc_mxn,1154740.0,1157020.0,0.197
2024-07-17 14:38:10+00:00,btc_mxn,1154740.0,1157020.0,0.197
2024-07-17 14:38:11+00:00,btc_mxn,1154740.0,1157020.0,0.197
2024-07-17 14:38:12+00:00,btc_mxn,1154740.0,1157020.0,0.197
2024-07-17 14:38:13+00:00,btc_mxn,1154740.0,1157020.0,0.197
2024-07-17 14:38:14+00:00,btc_mxn,1154170.0,1157020.0,0.246
2024-07-17 14:38:15+00:00,btc_mxn,1154170.0,1157020.0,0.246
2024-07-17 14:38:16+00:00,btc_mxn,1154170.0,1157020.0,0.246
2024-07-17 14:38:17+00:00,btc_mxn,1154170.0,1157020.0,0.246
2024-07-17 14:38:18+00:00,btc_mxn,1154170.0,1157020.0,0.246
2024-07-17 14:38:19+00:00,btc_mxn,1154170.0,1157020.0,0.246
2024-07-17 14:38:20+00:00,btc_mxn,1154170.0,1157020.0,0.246
2024-07-17 14:38:21+00:00,btc_mxn,1154170.0,1157020.0,0.246
2024-07-17 14:38:22+00:00,btc_mxn,1154170.0,1157020.0,0.246
2024-07-17 14:38:23+00:00,btc_mxn,1154170.0,1157020.0,0.246
2024-07-17 14:38:24+00:00,btc_mxn,1154170.0,1157020.0,0.246
2024-07-17 14:38:25+00:00,btc_mxn,1154170.0,1157020.0,0.246
2024-07-17 14:38:26+00:00,btc_mxn,1154170.0,1157020.0,0.246
2024-07-17 14:38:27+00:00,btc_mxn,1154170.0,1157020.0,0.246
2024-07-17 14:38:28+00:00,btc_mxn,1154170.0,1157020.0,0.246
2024-07-17 14:38:29+00:00,btc_mxn,1154170.0,1157020.0,0.246
2024-07-17 14:38:30+00:00,btc_mxn,1154170.0,1157020.0,0.246
2024-07-17 14:38:31+00:00,btc_mxn,1154170.0,1157020.0,0.246
2024-07-17 14:38:32+00:00,btc_mxn,1154170.0,1157020.0,0.246
2024-07-17 14:38:33+00:00,btc_mxn,1154170.0,1157020.0,0.246
2024-07-17 14:38:34+00:00,btc_mxn,1154170.0,1157020.0,0.246
2024-07-17 14:38:35+00:00,btc_mxn,1154170.0,1157020.0,0.246
2024-07-17 14:38:36+00:00,btc_mxn,1154170.0,1157020.0,0.246
2024-07-17 14:38:37+00:00,btc_mxn,1154170.0,1157020.0,0.246
2024-07-17 14:38:38+00:00,btc_mxn,1154170.0,1157020.0,0.246
2024-07-17 14:38:39+00:00,btc_mxn,1154170.0,1157020.0,0.246
2024-07-17 14:38:40+00:00,btc_mxn,1154170.0,1157020.0,0.246
2024-07-17 14:38:41+00:00,btc_mxn,1154170.0,1157020.0,0.246
2024-07-17 14:38:42+00:00,btc_mxn,1154170.0,1157020.0,0.246
2024-07-17 14:38:43+00:00,btc_mxn,1154170.0,1157020.0,0.246
2024-07-17 14:38:44+00:00,btc_mxn,1154170.0,1157020.0,0.246
2024-07-17 14:38:45+00:00,btc_mxn,1154170.0,1157020.0,0.246
2024-07-17 14:38:46+00:00,btc_mxn,1154170.0,1157020.0,0.246
2024-07-17 14:38:47+00:00,btc_mxn,1154170.0,1157020.0,0.246
2024-07-17 14:38:48+00:00,btc_mxn,1154170.0,1157020.0,0.246
2024-07-17 14:38:49+00:00,btc_mxn,1154170.0,1157020.0,0.246
2024-07-17 14:38:50+00:00,btc_mxn,1154170.0,1157020.0,0.246
2024-07-17 14:38:51+00:00,btc_mxn,1154170.0,1157020.0,0.246
2024-07-17 14:38:52+00:00,btc_mxn,1154170.0,1157020.0,0.246
2024-07-17 14:38:53+00:00,btc_mxn,1154170.0,1157020.0,0.246
2024-07-17 14:38:54+00:00,btc_mxn,1154170.0,1157020.0,0.246
2024-07-17 14:38:55+00:00,btc_mxn,1154170.0,1157020.0,0.246
2024-07-17 14:38:56+00:00,btc_mxn,1154170.0,1157020.0,0.246
2024-07-17 14:38:57+00:00,btc_mxn,1154170.0,1157020.0,0.246
2024-07-17 14:38:58+00:00,btc_mxn,1154170.0,1157020.0,0.246
2024-07-17 14:38:59+00:00,btc_mxn,1154170.0,1157020.0,0.246
2024-07-17 14:39:01+00:00,btc_mxn,1154170.0,1157020.0,0.246
2024-07-17 14:39:01+00:00,btc_mxn,1154130.0,1157060.0,0.253
2024-07-17 14:39:03+00:00,btc_mxn,1152560.0,1157060.0,0.389
2024-07-17 14:39:04+00:00,btc_mxn,1152560.0,1157060.0,0.389
2024-07-17 14:39:05+00:00,btc_mxn,1152560.0,1157060.0,0.389
2024-07-17 14:39:06+00:00,btc_mxn,1152560.0,1157060.0,0.389
2024-07-17 14:39:07+00:00,btc_mxn,1152560.0,1157060.0,0.389
2024-07-17 14:39:08+00:00,btc_mxn,1152560.0,1157060.0,0.389
2024-07-17 14:39:09+00:00,btc_mxn,1152560.0,1157060.0,0.389
2024-07-17 14:39:10+00:00,btc_mxn,1152560.0,1157060.0,0.389
2024-07-17 14:39:11+00:00,btc_mxn,1152560.0,1157060.0,0.389
2024-07-17 14:39:12+00:00,btc_mxn,1152540.0,1157060.0,0.391
2024-07-17 14:39:13+00:00,btc_mxn,1152450.0,1157060.0,0.398
2024-07-17 14:39:14+00:00,btc_mxn,1152450.0,1157060.0,0.398
2024-07-17 14:39:15+00:00,btc_mxn,1152450.0,1157060.0,0.398
2024-07-17 14:39:16+00:00,btc_mxn,1152450.0,1157060.0,0.398
2024-07-17 14:39:17+00:00,btc_mxn,1152450.0,1157060.0,0.398
2024-07-17 14:39:18+00:00,btc_mxn,1152450.0,1157060.0,0.398
2024-07-17 14:39:19+00:00,btc_mxn,1152450.0,1157060.0,0.398
2024-07-17 14:39:20+00:00,btc_mxn,1152450.0,1157060.0,0.398
2024-07-17 14:39:21+00:00,btc_mxn,1152450.0,1157060.0,0.398
2024-07-17 14:39:22+00:00,btc_mxn,1152450.0,1157060.0,0.398
2024-07-17 14:39:23+00:00,btc_mxn,1152450.0,1157060.0,0.398
2024-07-17 14:39:24+00:00,btc_mxn,1152450.0,1157060.0,0.398
2024-07-17 14:39:25+00:00,btc_mxn,1152450.0,1157060.0,0.398
2024-07-17 14:39:26+00:00,btc_mxn,1152450.0,1157060.0,0.398
2024-07-17 14:39:27+00:00,btc_mxn,1152450.0,1157060.0,0.398
2024-07-17 14:39:28+00:00,btc_mxn,1152450.0,1157060.0,0.398
2024-07-17 14:39:29+00:00,btc_mxn,1152450.0,1157060.0,0.398
2024-07-17 14:39:30+00:00,btc_mxn,1152450.0,1157060.0,0.398
2024-07-17 14:39:31+00:00,btc_mxn,1152450.0,1157060.0,0.398
2024-07-17 14:39:32+00:00,btc_mxn,1152450.0,1157060.0,0.398
2024-07-17 14:39:33+00:00,btc_mxn,1152450.0,1157060.0,0.398
2024-07-17 14:39:34+00:00,btc_mxn,1152450.0,1157060.0,0.398
2024-07-17 14:39:35+00:00,btc_mxn,1152450.0,1157060.0,0.398
2024-07-17 14:39:36+00:00,btc_mxn,1152450.0,1157060.0,0.398
2024-07-17 14:39:37+00:00,btc_mxn,1152450.0,1157060.0,0.398
2024-07-17 14:39:38+00:00,btc_mxn,1152450.0,1157060.0,0.398
2024-07-17 14:39:39+00:00,btc_mxn,1152450.0,1157060.0,0.398
2024-07-17 14:39:40+00:00,btc_mxn,1152450.0,1157060.0,0.398
2024-07-17 14:39:41+00:00,btc_mxn,1152450.0,1157060.0,0.398
2024-07-17 14:39:42+00:00,btc_mxn,1152450.0,1157060.0,0.398
2024-07-17 14:39:43+00:00,btc_mxn,1152450.0,1157060.0,0.398
2024-07-17 14:39:44+00:00,btc_mxn,1152450.0,1157060.0,0.398
2024-07-17 14:39:45+00:00,btc_mxn,1152450.0,1157060.0,0.398
2024-07-17 14:39:46+00:00,btc_mxn,1152450.0,1157060.0,0.398
2024-07-17 14:39:47+00:00,btc_mxn,1152450.0,1157060.0,0.398
2024-07-17 14:39:48+00:00,btc_mxn,1152450.0,1157060.0,0.398
2024-07-17 14:39:49+00:00,btc_mxn,1152450.0,1157060.0,0.398
2024-07-17 14:39:50+00:00,btc_mxn,1152450.0,1157060.0,0.398
2024-07-17 14:39:51+00:00,btc_mxn,1152450.0,1157060.0,0.398
2024-07-17 14:39:52+00:00,btc_mxn,1152450.0,1157060.0,0.398
2024-07-17 14:39:53+00:00,btc_mxn,1152450.0,1157060.0,0.398
2024-07-17 14:39:54+00:00,btc_mxn,1152450.0,1157060.0,0.398
2024-07-17 14:39:55+00:00,btc_mxn,1152450.0,1157060.0,0.398
2024-07-17 14:39:56+00:00,btc_mxn,1152450.0,1157060.0,0.398
2024-07-17 14:39:57+00:00,btc_mxn,1152450.0,1157060.0,0.398
2024-07-17 14:39:58+00:00,btc_mxn,1152450.0,1157060.0,0.398
2024-07-17 14:40:00+00:00,btc_mxn,1152450.0,1157060.0,0.398
2024-07-17 14:40:01+00:00,btc_mxn,1153040.0,1156880.0,0.332
2024-07-17 14:40:02+00:00,btc_mxn,1153040.0,1156880.0,0.332
2024-07-17 14:40:03+00:00,btc_mxn,1153040.0,1156880.0,0.332
2024-07-17 14:40:04+00:00,btc_mxn,1153040.0,1156880.0,0.332
2024-07-17 14:40:05+00:00,btc_mxn,1153040.0,1156880.0,0.332
2024-07-17 14:40:07+00:00,btc_mxn,1153040.0,1156880.0,0.332
2024-07-17 14:40:08+00:00,btc_mxn,1153040.0,1156880.0,0.332
2024-07-17 14:40:09+00:00,btc_mxn,1153040.0,1156880.0,0.332
2024-07-17 14:40:10+00:00,btc_mxn,1153040.0,1156880.0,0.332
2024-07-17 14:40:11+00:00,btc_mxn,1153080.0,1156880.0,0.328
2024-07-17 14:40:12+00:00,btc_mxn,1153080.0,1156880.0,0.328
2024-07-17 14:40:13+00:00,btc_mxn,1153080.0,1156880.0,0.328
2024-07-17 14:40:14+00:00,btc_mxn,1153080.0,1156880.0,0.328
2024-07-17 14:40:15+00:00,btc_mxn,1153080.0,1156880.0,0.328
2024-07-17 14:40:16+00:00,btc_mxn,1153080.0,1156880.0,0.328
2024-07-17 14:40:17+00:00,btc_mxn,1153080.0,1156890.0,0.329
2024-07-17 14:40:18+00:00,btc_mxn,1153080.0,1156890.0,0.329
2024-07-17 14:40:19+00:00,btc_mxn,1153040.0,1156890.0,0.333
2024-07-17 14:40:20+00:00,btc_mxn,1153040.0,1156890.0,0.333
2024-07-17 14:40:21+00:00,btc_mxn,1153040.0,1156890.0,0.333
2024-07-17 14:40:22+00:00,btc_mxn,1153040.0,1156890.0,0.333
2024-07-17 14:40:23+00:00,btc_mxn,1153040.0,1156890.0,0.333
2024-07-17 14:40:24+00:00,btc_mxn,1153040.0,1156890.0,0.333
2024-07-17 14:40:25+00:00,btc_mxn,1153040.0,1156890.0,0.333
2024-07-17 14:40:26+00:00,btc_mxn,1153040.0,1156890.0,0.333
2024-07-17 14:40:27+00:00,btc_mxn,1153040.0,1156890.0,0.333
2024-07-17 14:40:28+00:00,btc_mxn,1153040.0,1156890.0,0.333
2024-07-17 14:40:29+00:00,btc_mxn,1153040.0,1156890.0,0.333
2024-07-17 14:40:30+00:00,btc_mxn,1153040.0,1156890.0,0.333
2024-07-17 14:40:31+00:00,btc_mxn,1153040.0,1156890.0,0.333
2024-07-17 14:40:32+00:00,btc_mxn,1153040.0,1156890.0,0.333
2024-07-17 14:40:33+00:00,btc_mxn,1153040.0,1156890.0,0.333
2024-07-17 14:40:34+00:00,btc_mxn,1153040.0,1156890.0,0.333
2024-07-17 14:40:35+00:00,btc_mxn,1153040.0,1156890.0,0.333
2024-07-17 14:40:36+00:00,btc_mxn,1153040.0,1156890.0,0.333
2024-07-17 14:40:38+00:00,btc_mxn,1153040.0,1156890.0,0.333
2024-07-17 14:40:38+00:00,btc_mxn,1153040.0,1156890.0,0.333
2024-07-17 14:40:39+00:00,btc_mxn,1153040.0,1156890.0,0.333
2024-07-17 14:40:40+00:00,btc_mxn,1153040.0,1156890.0,0.333
2024-07-17 14:40:41+00:00,btc_mxn,1153040.0,1156890.0,0.333
2024-07-17 14:40:42+00:00,btc_mxn,1153040.0,1156890.0,0.333
2024-07-17 14:40:43+00:00,btc_mxn,1153040.0,1156890.0,0.333
2024-07-17 14:40:44+00:00,btc_mxn,1153040.0,1156890.0,0.333
2024-07-17 14:40:45+00:00,btc_mxn,1153040.0,1156890.0,0.333
2024-07-17 14:40:46+00:00,btc_mxn,1153040.0,1156890.0,0.333
2024-07-17 14:40:47+00:00,btc_mxn,1153040.0,1156890.0,0.333
2024-07-17 14:40:48+00:00,btc_mxn,1153040.0,1156890.0,0.333
2024-07-17 14:40:49+00:00,btc_mxn,1153040.0,1156890.0,0.333
2024-07-17 14:40:50+00:00,btc_mxn,1153040.0,1156890.0,0.333
2024-07-17 14:40:51+00:00,btc_mxn,1153040.0,1156890.0,0.333
2024-07-17 14:40:52+00:00,btc_mxn,1153040.0,1156890.0,0.333
2024-07-17 14:40:53+00:00,btc_mxn,1153040.0,1156890.0,0.333
2024-07-17 14:40:54+00:00,btc_mxn,1153040.0,1156890.0,0.333
2024-07-17 14:40:55+00:00,btc_mxn,1153040.0,1156890.0,0.333
2024-07-17 14:40:56+00:00,btc_mxn,1153040.0,1156890.0,0.333
2024-07-17 14:40:57+00:00,btc_mxn,1153040.0,1156890.0,0.333
2024-07-17 14:40:58+00:00,btc_mxn,1153040.0,1156890.0,0.333
2024-07-17 14:40:59+00:00,btc_mxn,1153040.0,1156890.0,0.333
2024-07-17 14:41:00+00:00,btc_mxn,1153040.0,1156890.0,0.333
2024-07-17 14:41:01+00:00,btc_mxn,1153040.0,1156890.0,0.333
2024-07-17 14:41:03+00:00,btc_mxn,1151080.0,1156890.0,0.502
2024-07-17 14:41:04+00:00,btc_mxn,1151080.0,1156890.0,0.502
2024-07-17 14:41:05+00:00,btc_mxn,1153530.0,1156890.0,0.29
2024-07-17 14:41:06+00:00,btc_mxn,1153530.0,1156890.0,0.29
2024-07-17 14:41:07+00:00,btc_mxn,1153580.0,1156890.0,0.286
2024-07-17 14:41:08+00:00,btc_mxn,1153600.0,1156890.0,0.284
2024-07-17 14:41:09+00:00,btc_mxn,1153600.0,1156890.0,0.284
2024-07-17 14:41:10+00:00,btc_mxn,1153600.0,1156890.0,0.284
2024-07-17 14:41:11+00:00,btc_mxn,1153600.0,1156890.0,0.284
2024-07-17 14:41:12+00:00,btc_mxn,1153600.0,1156890.0,0.284
2024-07-17 14:41:13+00:00,btc_mxn,1153600.0,1156890.0,0.284
2024-07-17 14:41:15+00:00,btc_mxn,1153700.0,1156890.0,0.276
2024-07-17 14:41:16+00:00,btc_mxn,1153700.0,1156890.0,0.276
2024-07-17 14:41:17+00:00,btc_mxn,1153700.0,1156890.0,0.276
2024-07-17 14:41:18+00:00,btc_mxn,1153700.0,1156890.0,0.276
2024-07-17 14:41:19+00:00,btc_mxn,1153700.0,1156890.0,0.276
2024-07-17 14:41:20+00:00,btc_mxn,1153700.0,1156890.0,0.276
2024-07-17 14:41:21+00:00,btc_mxn,1153830.0,1156890.0,0.265
2024-07-17 14:41:22+00:00,btc_mxn,1153850.0,1156890.0,0.263
2024-07-17 14:41:23+00:00,btc_mxn,1153850.0,1156890.0,0.263
2024-07-17 14:41:24+00:00,btc_mxn,1153870.0,1156890.0,0.261
2024-07-17 14:41:25+00:00,btc_mxn,1153870.0,1156890.0,0.261
2024-07-17 14:41:26+00:00,btc_mxn,1153870.0,1156890.0,0.261
2024-07-17 14:41:27+00:00,btc_mxn,1153870.0,1156890.0,0.261
2024-07-17 14:41:28+00:00,btc_mxn,1153870.0,1156890.0,0.261
2024-07-17 14:41:29+00:00,btc_mxn,1153870.0,1156890.0,0.261
2024-07-17 14:41:30+00:00,btc_mxn,1153870.0,1156890.0,0.261
2024-07-17 14:41:31+00:00,btc_mxn,1153870.0,1156890.0,0.261
2024-07-17 14:41:32+00:00,btc_mxn,1153870.0,1156890.0,0.261
2024-07-17 14:41:33+00:00,btc_mxn,1153870.0,1156890.0,0.261
2024-07-17 14:41:34+00:00,btc_mxn,1153870.0,1156890.0,0.261
2024-07-17 14:41:35+00:00,btc_mxn,1153870.0,1156890.0,0.261
2024-07-17 14:41:36+00:00,btc_mxn,1153870.0,1156890.0,0.261
2024-07-17 14:41:37+00:00,btc_mxn,1153870.0,1156890.0,0.261
2024-07-17 14:41:38+00:00,btc_mxn,1153870.0,1156890.0,0.261
2024-07-17 14:41:39+00:00,btc_mxn,1153870.0,1156890.0,0.261
2024-07-17 14:41:40+00:00,btc_mxn,1153870.0,1156890.0,0.261
2024-07-17 14:41:41+00:00,btc_mxn,1153870.0,1156890.0,0.261
2024-07-17 14:41:42+00:00,btc_mxn,1153870.0,1156890.0,0.261
2024-07-17 14:41:43+00:00,btc_mxn,1153870.0,1156890.0,0.261
2024-07-17 14:41:44+00:00,btc_mxn,1153870.0,1156890.0,0.261
2024-07-17 14:41:45+00:00,btc_mxn,1153870.0,1156890.0,0.261
2024-07-17 14:41:46+00:00,btc_mxn,1153870.0,1156890.0,0.261
2024-07-17 14:41:47+00:00,btc_mxn,1153870.0,1156890.0,0.261
2024-07-17 14:41:48+00:00,btc_mxn,1153870.0,1156890.0,0.261
2024-07-17 14:41:49+00:00,btc_mxn,1153870.0,1156890.0,0.261
2024-07-17 14:41:50+00:00,btc_mxn,1153870.0,1156890.0,0.261
2024-07-17 14:41:51+00:00,btc_mxn,1153870.0,1156890.0,0.261
2024-07-17 14:41:52+00:00,btc_mxn,1153870.0,1156890.0,0.261
2024-07-17 14:41:53+00:00,btc_mxn,1153870.0,1156890.0,0.261
2024-07-17 14:41:54+00:00,btc_mxn,1153870.0,1156890.0,0.261
2024-07-17 14:41:55+00:00,btc_mxn,1153870.0,1156890.0,0.261
2024-07-17 14:41:56+00:00,btc_mxn,1153870.0,1156890.0,0.261
2024-07-17 14:41:57+00:00,btc_mxn,1153870.0,1156890.0,0.261
2024-07-17 14:41:58+00:00,btc_mxn,1153870.0,1156890.0,0.261
2024-07-17 14:41:59+00:00,btc_mxn,1153870.0,1156890.0,0.261
2024-07-17 14:42:00+00:00,btc_mxn,1153870.0,1156890.0,0.261
2024-07-17 14:42:01+00:00,btc_mxn,1153870.0,1156970.0,0.268
2024-07-17 14:42:02+00:00,btc_mxn,1154550.0,1156970.0,0.209
2024-07-17 14:42:03+00:00,btc_mxn,1154570.0,1156970.0,0.207
2024-07-17 14:42:04+00:00,btc_mxn,1154570.0,1156970.0,0.207
2024-07-17 14:42:05+00:00,btc_mxn,1154570.0,1156970.0,0.207
2024-07-17 14:42:06+00:00,btc_mxn,1154550.0,1156970.0,0.209
2024-07-17 14:42:07+00:00,btc_mxn,1154550.0,1156360.0,0.157
2024-07-17 14:42:08+00:00,btc_mxn,1153700.0,1156290.0,0.224
2024-07-17 14:42:09+00:00,btc_mxn,1157409.98,1157410.02,0.0
2024-07-17 14:42:10+00:00,btc_mxn,1157409.98,1157410.02,0.0
2024-07-17 14:42:12+00:00,btc_mxn,1153600.0,1156150.0,0.221
2024-07-17 14:42:12+00:00,btc_mxn,1153600.0,1156140.0,0.22
2024-07-17 14:42:14+00:00,btc_mxn,1154600.0,1156140.0,0.133
2024-07-17 14:42:15+00:00,btc_mxn,1154600.0,1156140.0,0.133
2024-07-17 14:42:16+00:00,btc_mxn,1154600.0,1156140.0,0.133
2024-07-17 14:42:17+00:00,btc_mxn,1154600.0,1156140.0,0.133
2024-07-17 14:42:18+00:00,btc_mxn,1154600.0,1156140.0,0.133
2024-07-17 14:42:19+00:00,btc_mxn,1154160.0,1156140.0,0.171
2024-07-17 14:42:20+00:00,btc_mxn,1154160.0,1155760.0,0.138
2024-07-17 14:42:21+00:00,btc_mxn,1154160.0,1155760.0,0.138
2024-07-17 14:42:22+00:00,btc_mxn,1153600.0,1155760.0,0.187
2024-07-17 14:42:23+00:00,btc_mxn,1153600.0,1155760.0,0.187
2024-07-17 14:42:24+00:00,btc_mxn,1153600.0,1155760.0,0.187
2024-07-17 14:42:25+00:00,btc_mxn,1153600.0,1155760.0,0.187
2024-07-17 14:42:26+00:00,btc_mxn,1153600.0,1155760.0,0.187
2024-07-17 14:42:27+00:00,btc_mxn,1153600.0,1155760.0,0.187
2024-07-17 14:42:28+00:00,btc_mxn,1153600.0,1155760.0,0.187
2024-07-17 14:42:29+00:00,btc_mxn,1153600.0,1155760.0,0.187
2024-07-17 14:42:30+00:00,btc_mxn,1153600.0,1155760.0,0.187
2024-07-17 14:42:31+00:00,btc_mxn,1153600.0,1155760.0,0.187
2024-07-17 14:42:32+00:00,btc_mxn,1153600.0,1155760.0,0.187
2024-07-17 14:42:33+00:00,btc_mxn,1153600.0,1155760.0,0.187
2024-07-17 14:42:34+00:00,btc_mxn,1153600.0,1155760.0,0.187
2024-07-17 14:42:35+00:00,btc_mxn,1153600.0,1155760.0,0.187
2024-07-17 14:42:36+00:00,btc_mxn,1153600.0,1155760.0,0.187
2024-07-17 14:42:37+00:00,btc_mxn,1153600.0,1155760.0,0.187
2024-07-17 14:42:38+00:00,btc_mxn,1153600.0,1155760.0,0.187
2024-07-17 14:42:39+00:00,btc_mxn,1153600.0,1155760.0,0.187
2024-07-17 14:42:40+00:00,btc_mxn,1153600.0,1155760.0,0.187
2024-07-17 14:42:41+00:00,btc_mxn,1153600.0,1155760.0,0.187
2024-07-17 14:42:42+00:00,btc_mxn,1153600.0,1155760.0,0.187
2024-07-17 14:42:43+00:00,btc_mxn,1153600.0,1155760.0,0.187
2024-07-17 14:42:44+00:00,btc_mxn,1153600.0,1155760.0,0.187
2024-07-17 14:42:45+00:00,btc_mxn,1153600.0,1155760.0,0.187
2024-07-17 14:42:46+00:00,btc_mxn,1153600.0,1155760.0,0.187
2024-07-17 14:42:47+00:00,btc_mxn,1153600.0,1155760.0,0.187
2024-07-17 14:42:48+00:00,btc_mxn,1153600.0,1155760.0,0.187
2024-07-17 14:42:49+00:00,btc_mxn,1153600.0,1155760.0,0.187
2024-07-17 14:42:50+00:00,btc_mxn,1153600.0,1155760.0,0.187
2024-07-17 14:42:51+00:00,btc_mxn,1153600.0,1155760.0,0.187
2024-07-17 14:42:52+00:00,btc_mxn,1153600.0,1155760.0,0.187
2024-07-17 14:42:53+00:00,btc_mxn,1153600.0,1155760.0,0.187
2024-07-17 14:42:54+00:00,btc_mxn,1153600.0,1155760.0,0.187
2024-07-17 14:42:55+00:00,btc_mxn,1153600.0,1155760.0,0.187
2024-07-17 14:42:56+00:00,btc_mxn,1153600.0,1155760.0,0.187
2024-07-17 14:42:57+00:00,btc_mxn,1153600.0,1155760.0,0.187
2024-07-17 14:42:59+00:00,btc_mxn,1153600.0,1155760.0,0.187
2024-07-17 14:42:59+00:00,btc_mxn,1153600.0,1155760.0,0.187
2024-07-17 14:43:01+00:00,btc_mxn,1153600.0,1155760.0,0.187
2024-07-17 14:43:01+00:00,btc_mxn,1153600.0,1155740.0,0.185
2024-07-17 14:43:02+00:00,btc_mxn,1153600.0,1155740.0,0.185
2024-07-17 14:43:03+00:00,btc_mxn,1153600.0,1155740.0,0.185
2024-07-17 14:43:04+00:00,btc_mxn,1154160.0,1155740.0,0.137
2024-07-17 14:43:05+00:00,btc_mxn,1154160.0,1155740.0,0.137
2024-07-17 14:43:07+00:00,btc_mxn,1154160.0,1155740.0,0.137
2024-07-17 14:43:08+00:00,btc_mxn,1154160.0,1155740.0,0.137
2024-07-17 14:43:09+00:00,btc_mxn,1154750.0,1155740.0,0.086
2024-07-17 14:43:10+00:00,btc_mxn,1154750.0,1155740.0,0.086
2024-07-17 14:43:11+00:00,btc_mxn,1154750.0,1155740.0,0.086
2024-07-17 14:43:12+00:00,btc_mxn,1154750.0,1155740.0,0.086
2024-07-17 14:43:13+00:00,btc_mxn,1154750.0,1155740.0,0.086
2024-07-17 14:43:15+00:00,btc_mxn,1154750.0,1155740.0,0.086
2024-07-17 14:43:16+00:00,btc_mxn,1154750.0,1155740.0,0.086
2024-07-17 14:43:17+00:00,btc_mxn,1154750.0,1155720.0,0.084
2024-07-17 14:43:18+00:00,btc_mxn,1154750.0,1155720.0,0.084
2024-07-17 14:43:19+00:00,btc_mxn,1154750.0,1155210.0,0.04
2024-07-17 14:43:20+00:00,btc_mxn,1154750.0,1155210.0,0.04
2024-07-17 14:43:21+00:00,btc_mxn,1154750.0,1155210.0,0.04
2024-07-17 14:43:22+00:00,btc_mxn,1154750.0,1155210.0,0.04
2024-07-17 14:43:23+00:00,btc_mxn,1154750.0,1155210.0,0.04
2024-07-17 14:43:24+00:00,btc_mxn,1154750.0,1155210.0,0.04
2024-07-17 14:43:25+00:00,btc_mxn,1154750.0,1155210.0,0.04
2024-07-17 14:43:26+00:00,btc_mxn,1154750.0,1155210.0,0.04
2024-07-17 14:43:27+00:00,btc_mxn,1154750.0,1155210.0,0.04
2024-07-17 14:43:28+00:00,btc_mxn,1154750.0,1155210.0,0.04
2024-07-17 14:43:29+00:00,btc_mxn,1154750.0,1155210.0,0.04
2024-07-17 14:43:30+00:00,btc_mxn,1154750.0,1155210.0,0.04
2024-07-17 14:43:31+00:00,btc_mxn,1154750.0,1155210.0,0.04
2024-07-17 14:43:32+00:00,btc_mxn,1154750.0,1155210.0,0.04
2024-07-17 14:43:33+00:00,btc_mxn,1154750.0,1155210.0,0.04
2024-07-17 14:43:34+00:00,btc_mxn,1154750.0,1155210.0,0.04
2024-07-17 14:43:35+00:00,btc_mxn,1154750.0,1155210.0,0.04
2024-07-17 14:43:36+00:00,btc_mxn,1154750.0,1155210.0,0.04
2024-07-17 14:43:37+00:00,btc_mxn,1154750.0,1155210.0,0.04
2024-07-17 14:43:38+00:00,btc_mxn,1154750.0,1155210.0,0.04
2024-07-17 14:43:39+00:00,btc_mxn,1154750.0,1155210.0,0.04
2024-07-17 14:43:40+00:00,btc_mxn,1154750.0,1155210.0,0.04
2024-07-17 14:43:41+00:00,btc_mxn,1154750.0,1155210.0,0.04
2024-07-17 14:43:42+00:00,btc_mxn,1154750.0,1155210.0,0.04
2024-07-17 14:43:43+00:00,btc_mxn,1154750.0,1155210.0,0.04
2024-07-17 14:43:44+00:00,btc_mxn,1154750.0,1155210.0,0.04
2024-07-17 14:43:45+00:00,btc_mxn,1154750.0,1155210.0,0.04
2024-07-17 14:43:46+00:00,btc_mxn,1154750.0,1155210.0,0.04
2024-07-17 14:43:47+00:00,btc_mxn,1154750.0,1155210.0,0.04
2024-07-17 14:43:48+00:00,btc_mxn,1154750.0,1155210.0,0.04
2024-07-17 14:43:49+00:00,btc_mxn,1154750.0,1155210.0,0.04
2024-07-17 14:43:50+00:00,btc_mxn,1154750.0,1155210.0,0.04
2024-07-17 14:43:51+00:00,btc_mxn,1154750.0,1155210.0,0.04
2024-07-17 14:43:52+00:00,btc_mxn,1154750.0,1155210.0,0.04
2024-07-17 14:43:53+00:00,btc_mxn,1154750.0,1155210.0,0.04
2024-07-17 14:43:54+00:00,btc_mxn,1154750.0,1155210.0,0.04
2024-07-17 14:43:55+00:00,btc_mxn,1154750.0,1155210.0,0.04
2024-07-17 14:43:57+00:00,btc_mxn,1154750.0,1155210.0,0.04
2024-07-17 14:43:57+00:00,btc_mxn,1154750.0,1155210.0,0.04
2024-07-17 14:43:58+00:00,btc_mxn,1154750.0,1155210.0,0.04
2024-07-17 14:44:00+00:00,btc_mxn,1154750.0,1155210.0,0.04
2024-07-17 14:44:01+00:00,btc_mxn,1154750.0,1155210.0,0.04
2024-07-17 14:44:02+00:00,btc_mxn,1154750.0,1155210.0,0.04
2024-07-17 14:44:03+00:00,btc_mxn,1154750.0,1155210.0,0.04
2024-07-17 14:44:04+00:00,btc_mxn,1154750.0,1155210.0,0.04
2024-07-17 14:44:05+00:00,btc_mxn,1154750.0,1155210.0,0.04
2024-07-17 14:44:06+00:00,btc_mxn,1154750.0,1155210.0,0.04
2024-07-17 14:44:07+00:00,btc_mxn,1154750.0,1155210.0,0.04
2024-07-17 14:44:08+00:00,btc_mxn,1154750.0,1155210.0,0.04
2024-07-17 14:44:09+00:00,btc_mxn,1154750.0,1155280.0,0.046
2024-07-17 14:44:10+00:00,btc_mxn,1154750.0,1155280.0,0.046
2024-07-17 14:44:11+00:00,btc_mxn,1154750.0,1155280.0,0.046
2024-07-17 14:44:12+00:00,btc_mxn,1154750.0,1155280.0,0.046
2024-07-17 14:44:13+00:00,btc_mxn,1154750.0,1155280.0,0.046
2024-07-17 14:44:14+00:00,btc_mxn,1154750.0,1155280.0,0.046
2024-07-17 14:44:15+00:00,btc_mxn,1154750.0,1155280.0,0.046
2024-07-17 14:44:16+00:00,btc_mxn,1154750.0,1155280.0,0.046
2024-07-17 14:44:17+00:00,btc_mxn,1154750.0,1155280.0,0.046
2024-07-17 14:44:18+00:00,btc_mxn,1154750.0,1155280.0,0.046
2024-07-17 14:44:19+00:00,btc_mxn,1154750.0,1155280.0,0.046
2024-07-17 14:44:20+00:00,btc_mxn,1154750.0,1155280.0,0.046
2024-07-17 14:44:21+00:00,btc_mxn,1154750.0,1155280.0,0.046
2024-07-17 14:44:22+00:00,btc_mxn,1154750.0,1155280.0,0.046
2024-07-17 14:44:23+00:00,btc_mxn,1154750.0,1155280.0,0.046
2024-07-17 14:44:24+00:00,btc_mxn,1154750.0,1155280.0,0.046
2024-07-17 14:44:25+00:00,btc_mxn,1154750.0,1155280.0,0.046
2024-07-17 14:44:26+00:00,btc_mxn,1154750.0,1155280.0,0.046
2024-07-17 14:44:27+00:00,btc_mxn,1154750.0,1155280.0,0.046
2024-07-17 14:44:28+00:00,btc_mxn,1154750.0,1155280.0,0.046
2024-07-17 14:44:29+00:00,btc_mxn,1154750.0,1155280.0,0.046
2024-07-17 14:44:30+00:00,btc_mxn,1154750.0,1155280.0,0.046
2024-07-17 14:44:31+00:00,btc_mxn,1154750.0,1155280.0,0.046
2024-07-17 14:44:32+00:00,btc_mxn,1154750.0,1155280.0,0.046
2024-07-17 14:44:33+00:00,btc_mxn,1154750.0,1155280.0,0.046
2024-07-17 14:44:34+00:00,btc_mxn,1154750.0,1155280.0,0.046
2024-07-17 14:44:35+00:00,btc_mxn,1154750.0,1155280.0,0.046
2024-07-17 14:44:36+00:00,btc_mxn,1154750.0,1155280.0,0.046
2024-07-17 14:44:37+00:00,btc_mxn,1154750.0,1155280.0,0.046
2024-07-17 14:44:38+00:00,btc_mxn,1154750.0,1155280.0,0.046
2024-07-17 14:44:39+00:00,btc_mxn,1154750.0,1155280.0,0.046
2024-07-17 14:44:40+00:00,btc_mxn,1154750.0,1155280.0,0.046
2024-07-17 14:44:41+00:00,btc_mxn,1154750.0,1155280.0,0.046
2024-07-17 14:44:42+00:00,btc_mxn,1154750.0,1155280.0,0.046
2024-07-17 14:44:43+00:00,btc_mxn,1154750.0,1155280.0,0.046
2024-07-17 14:44:44+00:00,btc_mxn,1154750.0,1155280.0,0.046
2024-07-17 14:44:45+00:00,btc_mxn,1154750.0,1155280.0,0.046
2024-07-17 14:44:46+00:00,btc_mxn,1154750.0,1155280.0,0.046
2024-07-17 14:44:47+00:00,btc_mxn,1154750.0,1155280.0,0.046
2024-07-17 14:44:48+00:00,btc_mxn,1154750.0,1155280.0,0.046
2024-07-17 14:44:49+00:00,btc_mxn,1154750.0,1155280.0,0.046
2024-07-17 14:44:50+00:00,btc_mxn,1154750.0,1155280.0,0.046
2024-07-17 14:44:51+00:00,btc_mxn,1154750.0,1155280.0,0.046
2024-07-17 14:44:52+00:00,btc_mxn,1154750.0,1155280.0,0.046
2024-07-17 14:44:53+00:00,btc_mxn,1154750.0,1155280.0,0.046
2024-07-17 14:44:54+00:00,btc_mxn,1154750.0,1155280.0,0.046
2024-07-17 14:44:55+00:00,btc_mxn,1154750.0,1155280.0,0.046
2024-07-17 14:44:56+00:00,btc_mxn,1154750.0,1155280.0,0.046
2024-07-17 14:44:57+00:00,btc_mxn,1154750.0,1155280.0,0.046
2024-07-17 14:44:58+00:00,btc_mxn,1154750.0,1155280.0,0.046
2024-07-17 14:44:59+00:00,btc_mxn,1154750.0,1155280.0,0.046
2024-07-17 14:45:00+00:00,btc_mxn,1154750.0,1155280.0,0.046
2024-07-17 14:45:02+00:00,btc_mxn,1154750.0,1155280.0,0.046
2024-07-17 14:45:03+00:00,btc_mxn,1154750.0,1155280.0,0.046
2024-07-17 14:45:04+00:00,btc_mxn,1154750.0,1155280.0,0.046
2024-07-17 14:45:05+00:00,btc_mxn,1154750.0,1155280.0,0.046
2024-07-17 14:45:06+00:00,btc_mxn,1154750.0,1155420.0,0.058
2024-07-17 14:45:07+00:00,btc_mxn,1154750.0,1155420.0,0.058
2024-07-17 14:45:08+00:00,btc_mxn,1154750.0,1155420.0,0.058
2024-07-17 14:45:09+00:00,btc_mxn,1154250.0,1155420.0,0.101
2024-07-17 14:45:10+00:00,btc_mxn,1154250.0,1155420.0,0.101
2024-07-17 14:45:11+00:00,btc_mxn,1154250.0,1155420.0,0.101
2024-07-17 14:45:12+00:00,btc_mxn,1154250.0,1155420.0,0.101
2024-07-17 14:45:13+00:00,btc_mxn,1154250.0,1155420.0,0.101
2024-07-17 14:45:14+00:00,btc_mxn,1154250.0,1155420.0,0.101
2024-07-17 14:45:15+00:00,btc_mxn,1154250.0,1155420.0,0.101
2024-07-17 14:45:16+00:00,btc_mxn,1154250.0,1155420.0,0.101
2024-07-17 14:45:17+00:00,btc_mxn,1154250.0,1155420.0,0.101
2024-07-17 14:45:18+00:00,btc_mxn,1154250.0,1155420.0,0.101
2024-07-17 14:45:19+00:00,btc_mxn,1154250.0,1155420.0,0.101
2024-07-17 14:45:20+00:00,btc_mxn,1154250.0,1155420.0,0.101
2024-07-17 14:45:21+00:00,btc_mxn,1154250.0,1155420.0,0.101
2024-07-17 14:45:22+00:00,btc_mxn,1154250.0,1155420.0,0.101
2024-07-17 14:45:23+00:00,btc_mxn,1154250.0,1155420.0,0.101
2024-07-17 14:45:24+00:00,btc_mxn,1154250.0,1155420.0,0.101
2024-07-17 14:45:25+00:00,btc_mxn,1154250.0,1155420.0,0.101
2024-07-17 14:45:26+00:00,btc_mxn,1154250.0,1155420.0,0.101
2024-07-17 14:45:27+00:00,btc_mxn,1154250.0,1155420.0,0.101
2024-07-17 14:45:28+00:00,btc_mxn,1154250.0,1155420.0,0.101
2024-07-17 14:45:29+00:00,btc_mxn,1154250.0,1155420.0,0.101
2024-07-17 14:45:30+00:00,btc_mxn,1154250.0,1155420.0,0.101
2024-07-17 14:45:31+00:00,btc_mxn,1154250.0,1155420.0,0.101
2024-07-17 14:45:32+00:00,btc_mxn,1154250.0,1155420.0,0.101
2024-07-17 14:45:33+00:00,btc_mxn,1154250.0,1155420.0,0.101
2024-07-17 14:45:34+00:00,btc_mxn,1154250.0,1155420.0,0.101
2024-07-17 14:45:35+00:00,btc_mxn,1154250.0,1155420.0,0.101
2024-07-17 14:45:36+00:00,btc_mxn,1154250.0,1155420.0,0.101
2024-07-17 14:45:38+00:00,btc_mxn,1154250.0,1155420.0,0.101
2024-07-17 14:45:39+00:00,btc_mxn,1154250.0,1155420.0,0.101
2024-07-17 14:45:40+00:00,btc_mxn,1154250.0,1155420.0,0.101
2024-07-17 14:45:41+00:00,btc_mxn,1154250.0,1155420.0,0.101
2024-07-17 14:45:42+00:00,btc_mxn,1154250.0,1155420.0,0.101
2024-07-17 14:45:43+00:00,btc_mxn,1154250.0,1155420.0,0.101
2024-07-17 14:45:44+00:00,btc_mxn,1154250.0,1155420.0,0.101
2024-07-17 14:45:45+00:00,btc_mxn,1154250.0,1155420.0,0.101
2024-07-17 14:45:46+00:00,btc_mxn,1154250.0,1155420.0,0.101
2024-07-17 14:45:47+00:00,btc_mxn,1154250.0,1155420.0,0.101
2024-07-17 14:45:48+00:00,btc_mxn,1154250.0,1155420.0,0.101
2024-07-17 14:45:49+00:00,btc_mxn,1154250.0,1155420.0,0.101
2024-07-17 14:45:50+00:00,btc_mxn,1154250.0,1155420.0,0.101
2024-07-17 14:45:51+00:00,btc_mxn,1154250.0,1155420.0,0.101
2024-07-17 14:45:52+00:00,btc_mxn,1154250.0,1155420.0,0.101
2024-07-17 14:45:53+00:00,btc_mxn,1154250.0,1155420.0,0.101
2024-07-17 14:45:54+00:00,btc_mxn,1154250.0,1155420.0,0.101
2024-07-17 14:45:55+00:00,btc_mxn,1154250.0,1155420.0,0.101
2024-07-17 14:45:56+00:00,btc_mxn,1154250.0,1155420.0,0.101
2024-07-17 14:45:57+00:00,btc_mxn,1154250.0,1155420.0,0.101
2024-07-17 14:45:58+00:00,btc_mxn,1154250.0,1155420.0,0.101
2024-07-17 14:45:59+00:00,btc_mxn,1154250.0,1155420.0,0.101
2024-07-17 14:46:00+00:00,btc_mxn,1154250.0,1155420.0,0.101
2024-07-17 14:46:02+00:00,btc_mxn,1154250.0,1155420.0,0.101
2024-07-17 14:46:02+00:00,btc_mxn,1154250.0,1155420.0,0.101
2024-07-17 14:46:04+00:00,btc_mxn,1154250.0,1155420.0,0.101
2024-07-17 14:46:05+00:00,btc_mxn,1154250.0,1155420.0,0.101
2024-07-17 14:46:06+00:00,btc_mxn,1154250.0,1155420.0,0.101
2024-07-17 14:46:07+00:00,btc_mxn,1154250.0,1155420.0,0.101
2024-07-17 14:46:08+00:00,btc_mxn,1154250.0,1155420.0,0.101
2024-07-17 14:46:09+00:00,btc_mxn,1154700.0,1155740.0,0.09
2024-07-17 14:46:10+00:00,btc_mxn,1154700.0,1155740.0,0.09
2024-07-17 14:46:11+00:00,btc_mxn,1154700.0,1155740.0,0.09
2024-07-17 14:46:12+00:00,btc_mxn,1154710.0,1155740.0,0.089
2024-07-17 14:46:13+00:00,btc_mxn,1154710.0,1155740.0,0.089
2024-07-17 14:46:14+00:00,btc_mxn,1154710.0,1155740.0,0.089
2024-07-17 14:46:15+00:00,btc_mxn,1154710.0,1155740.0,0.089
2024-07-17 14:46:16+00:00,btc_mxn,1154710.0,1155740.0,0.089
2024-07-17 14:46:17+00:00,btc_mxn,1154710.0,1155740.0,0.089
2024-07-17 14:46:18+00:00,btc_mxn,1154710.0,1155740.0,0.089
2024-07-17 14:46:19+00:00,btc_mxn,1154710.0,1155740.0,0.089
2024-07-17 14:46:20+00:00,btc_mxn,1154710.0,1155740.0,0.089
2024-07-17 14:46:21+00:00,btc_mxn,1154710.0,1155740.0,0.089
2024-07-17 14:46:22+00:00,btc_mxn,1154760.0,1155740.0,0.085
2024-07-17 14:46:23+00:00,btc_mxn,1154770.0,1155740.0,0.084
2024-07-17 14:46:24+00:00,btc_mxn,1154770.0,1155740.0,0.084
2024-07-17 14:46:25+00:00,btc_mxn,1154770.0,1155740.0,0.084
2024-07-17 14:46:26+00:00,btc_mxn,1154770.0,1155740.0,0.084
2024-07-17 14:46:27+00:00,btc_mxn,1154770.0,1155740.0,0.084
2024-07-17 14:46:28+00:00,btc_mxn,1154770.0,1155740.0,0.084
2024-07-17 14:46:29+00:00,btc_mxn,1154770.0,1155740.0,0.084
2024-07-17 14:46:30+00:00,btc_mxn,1154770.0,1155740.0,0.084
2024-07-17 14:46:31+00:00,btc_mxn,1154770.0,1155740.0,0.084
2024-07-17 14:46:32+00:00,btc_mxn,1154770.0,1155740.0,0.084
2024-07-17 14:46:33+00:00,btc_mxn,1154770.0,1155740.0,0.084
2024-07-17 14:46:34+00:00,btc_mxn,1154770.0,1155740.0,0.084
2024-07-17 14:46:35+00:00,btc_mxn,1154770.0,1155740.0,0.084
2024-07-17 14:46:36+00:00,btc_mxn,1154770.0,1155740.0,0.084
2024-07-17 14:46:37+00:00,btc_mxn,1154770.0,1155740.0,0.084
2024-07-17 14:46:38+00:00,btc_mxn,1154770.0,1155740.0,0.084
2024-07-17 14:46:39+00:00,btc_mxn,1154770.0,1155740.0,0.084
2024-07-17 14:46:40+00:00,btc_mxn,1154770.0,1155740.0,0.084
2024-07-17 14:46:41+00:00,btc_mxn,1154770.0,1155740.0,0.084
2024-07-17 14:46:42+00:00,btc_mxn,1154770.0,1155740.0,0.084
2024-07-17 14:46:43+00:00,btc_mxn,1154770.0,1155740.0,0.084
2024-07-17 14:46:44+00:00,btc_mxn,1154770.0,1155740.0,0.084
2024-07-17 14:46:45+00:00,btc_mxn,1154770.0,1155740.0,0.084
2024-07-17 14:46:46+00:00,btc_mxn,1154770.0,1155740.0,0.084
2024-07-17 14:46:47+00:00,btc_mxn,1154770.0,1155740.0,0.084
2024-07-17 14:46:48+00:00,btc_mxn,1154770.0,1155740.0,0.084
2024-07-17 14:46:49+00:00,btc_mxn,1154770.0,1155740.0,0.084
2024-07-17 14:46:50+00:00,btc_mxn,1154770.0,1155740.0,0.084
2024-07-17 14:46:51+00:00,btc_mxn,1154770.0,1155740.0,0.084
2024-07-17 14:46:52+00:00,btc_mxn,1154770.0,1155740.0,0.084
2024-07-17 14:46:53+00:00,btc_mxn,1154770.0,1155740.0,0.084
2024-07-17 14:46:54+00:00,btc_mxn,1154770.0,1155740.0,0.084
2024-07-17 14:46:55+00:00,btc_mxn,1154770.0,1155740.0,0.084
2024-07-17 14:46:56+00:00,btc_mxn,1154770.0,1155740.0,0.084
2024-07-17 14:46:57+00:00,btc_mxn,1154770.0,1155740.0,0.084
2024-07-17 14:46:58+00:00,btc_mxn,1154770.0,1155740.0,0.084
2024-07-17 14:46:59+00:00,btc_mxn,1154770.0,1155740.0,0.084
2024-07-17 14:47:00+00:00,btc_mxn,1154770.0,1155740.0,0.084
2024-07-17 14:47:01+00:00,btc_mxn,1155500.0,1155740.0,0.021
2024-07-17 14:47:02+00:00,btc_mxn,1155510.0,1155740.0,0.02
2024-07-17 14:47:03+00:00,btc_mxn,1155510.0,1155740.0,0.02
2024-07-17 14:47:05+00:00,btc_mxn,1155620.0,1155740.0,0.01
2024-07-17 14:47:06+00:00,btc_mxn,1155640.0,1155740.0,0.009
2024-07-17 14:47:07+00:00,btc_mxn,1155660.0,1155740.0,0.007
2024-07-17 14:47:08+00:00,btc_mxn,1155660.0,1155890.0,0.02
2024-07-17 14:47:09+00:00,btc_mxn,1155660.0,1155890.0,0.02
2024-07-17 14:47:10+00:00,btc_mxn,1155660.0,1156350.0,0.06
2024-07-17 14:47:11+00:00,btc_mxn,1155730.0,1156350.0,0.054
2024-07-17 14:47:12+00:00,btc_mxn,1155730.0,1156350.0,0.054
2024-07-17 14:47:13+00:00,btc_mxn,1155730.0,1156350.0,0.054
2024-07-17 14:47:14+00:00,btc_mxn,1155730.0,1156350.0,0.054
2024-07-17 14:47:15+00:00,btc_mxn,1155730.0,1156350.0,0.054
2024-07-17 14:47:16+00:00,btc_mxn,1155730.0,1156350.0,0.054
2024-07-17 14:47:17+00:00,btc_mxn,1155770.0,1156350.0,0.05
2024-07-17 14:47:18+00:00,btc_mxn,1155770.0,1156350.0,0.05
2024-07-17 14:47:19+00:00,btc_mxn,1155770.0,1156350.0,0.05
2024-07-17 14:47:20+00:00,btc_mxn,1155770.0,1156350.0,0.05
2024-07-17 14:47:21+00:00,btc_mxn,1155770.0,1156350.0,0.05
2024-07-17 14:47:22+00:00,btc_mxn,1155770.0,1156350.0,0.05
2024-07-17 14:47:23+00:00,btc_mxn,1155720.0,1156350.0,0.054
2024-07-17 14:47:24+00:00,btc_mxn,1155720.0,1156350.0,0.054
2024-07-17 14:47:25+00:00,btc_mxn,1155720.0,1156350.0,0.054
2024-07-17 14:47:26+00:00,btc_mxn,1155720.0,1156350.0,0.054
2024-07-17 14:47:27+00:00,btc_mxn,1155720.0,1156350.0,0.054
2024-07-17 14:47:28+00:00,btc_mxn,1155720.0,1156350.0,0.054
2024-07-17 14:47:29+00:00,btc_mxn,1155720.0,1156350.0,0.054
2024-07-17 14:47:30+00:00,btc_mxn,1155720.0,1156350.0,0.054
2024-07-17 14:47:31+00:00,btc_mxn,1155720.0,1156350.0,0.054
2024-07-17 14:47:32+00:00,btc_mxn,1155720.0,1156350.0,0.054
2024-07-17 14:47:34+00:00,btc_mxn,1155720.0,1156350.0,0.054
2024-07-17 14:47:34+00:00,btc_mxn,1155720.0,1156350.0,0.054
2024-07-17 14:47:35+00:00,btc_mxn,1155720.0,1156350.0,0.054
2024-07-17 14:47:36+00:00,btc_mxn,1155720.0,1156350.0,0.054
2024-07-17 14:47:37+00:00,btc_mxn,1155720.0,1156350.0,0.054
2024-07-17 14:47:38+00:00,btc_mxn,1155720.0,1156350.0,0.054
2024-07-17 14:47:39+00:00,btc_mxn,1155720.0,1156350.0,0.054
2024-07-17 14:47:40+00:00,btc_mxn,1155720.0,1156350.0,0.054
2024-07-17 14:47:41+00:00,btc_mxn,1155720.0,1156350.0,0.054
2024-07-17 14:47:42+00:00,btc_mxn,1155720.0,1156350.0,0.054
2024-07-17 14:47:43+00:00,btc_mxn,1155720.0,1156350.0,0.054
2024-07-17 14:47:44+00:00,btc_mxn,1155720.0,1156350.0,0.054
2024-07-17 14:47:45+00:00,btc_mxn,1155720.0,1156350.0,0.054
2024-07-17 14:47:47+00:00,btc_mxn,1155720.0,1156350.0,0.054
2024-07-17 14:47:47+00:00,btc_mxn,1155720.0,1156350.0,0.054
2024-07-17 14:47:48+00:00,btc_mxn,1155720.0,1156350.0,0.054
2024-07-17 14:47:50+00:00,btc_mxn,1155720.0,1156350.0,0.054
2024-07-17 14:47:51+00:00,btc_mxn,1155720.0,1156350.0,0.054
2024-07-17 14:47:51+00:00,btc_mxn,1155720.0,1156350.0,0.054
2024-07-17 14:47:53+00:00,btc_mxn,1155720.0,1156350.0,0.054
2024-07-17 14:47:54+00:00,btc_mxn,1155720.0,1156350.0,0.054
2024-07-17 14:47:55+00:00,btc_mxn,1155720.0,1156350.0,0.054
2024-07-17 14:47:56+00:00,btc_mxn,1155720.0,1156350.0,0.054
2024-07-17 14:47:57+00:00,btc_mxn,1155720.0,1156350.0,0.054
2024-07-17 14:47:58+00:00,btc_mxn,1155720.0,1156350.0,0.054
2024-07-17 14:47:59+00:00,btc_mxn,1155720.0,1156350.0,0.054
2024-07-17 14:48:00+00:00,btc_mxn,1155720.0,1156350.0,0.054
2024-07-17 14:48:01+00:00,btc_mxn,1155720.0,1156350.0,0.054
