orderbook_timestamp,book,bid,ask,spread
2024-07-17 21:24:37+00:00,usd_mxn,17.68,17.69,0.057
2024-07-17 21:24:38+00:00,usd_mxn,17.68,17.69,0.057
2024-07-17 21:24:39+00:00,usd_mxn,17.68,17.69,0.057
2024-07-17 21:24:40+00:00,usd_mxn,17.68,17.69,0.057
2024-07-17 21:24:41+00:00,usd_mxn,17.68,17.69,0.057
2024-07-17 21:24:42+00:00,usd_mxn,17.68,17.69,0.057
2024-07-17 21:24:43+00:00,usd_mxn,17.68,17.69,0.057
2024-07-17 21:24:44+00:00,usd_mxn,17.68,17.69,0.057
2024-07-17 21:24:46+00:00,usd_mxn,17.68,17.69,0.057
2024-07-17 21:24:47+00:00,usd_mxn,17.68,17.69,0.057
2024-07-17 21:24:48+00:00,usd_mxn,17.68,17.69,0.057
2024-07-17 21:24:49+00:00,usd_mxn,17.68,17.69,0.057
2024-07-17 21:24:50+00:00,usd_mxn,17.68,17.69,0.057
2024-07-17 21:24:51+00:00,usd_mxn,17.68,17.69,0.057
2024-07-17 21:24:53+00:00,usd_mxn,17.68,17.69,0.057
2024-07-17 21:24:54+00:00,usd_mxn,17.68,17.69,0.057
2024-07-17 21:24:55+00:00,usd_mxn,17.68,17.69,0.057
2024-07-17 21:24:56+00:00,usd_mxn,17.68,17.69,0.057
2024-07-17 21:24:57+00:00,usd_mxn,17.68,17.69,0.057
2024-07-17 21:24:58+00:00,usd_mxn,17.68,17.69,0.057
2024-07-17 21:24:59+00:00,usd_mxn,17.68,17.69,0.057
2024-07-17 21:25:00+00:00,usd_mxn,17.68,17.69,0.057
2024-07-17 21:25:02+00:00,usd_mxn,17.68,17.69,0.057
2024-07-17 21:25:03+00:00,usd_mxn,17.68,17.69,0.057
2024-07-17 21:25:04+00:00,usd_mxn,17.68,17.69,0.057
2024-07-17 21:25:05+00:00,usd_mxn,17.68,17.69,0.057
2024-07-17 21:25:06+00:00,usd_mxn,17.68,17.69,0.057
2024-07-17 21:25:07+00:00,usd_mxn,17.68,17.69,0.057
2024-07-17 21:25:08+00:00,usd_mxn,17.68,17.69,0.057
2024-07-17 21:25:10+00:00,usd_mxn,17.68,17.69,0.057
2024-07-17 21:25:11+00:00,usd_mxn,17.68,17.69,0.057
2024-07-17 21:25:12+00:00,usd_mxn,17.68,17.69,0.057
2024-07-17 21:25:13+00:00,usd_mxn,17.68,17.69,0.057
2024-07-17 21:25:14+00:00,usd_mxn,17.68,17.69,0.057
2024-07-17 21:25:15+00:00,usd_mxn,17.68,17.69,0.057
2024-07-17 21:25:16+00:00,usd_mxn,17.68,17.69,0.057
2024-07-17 21:25:17+00:00,usd_mxn,17.68,17.69,0.057
2024-07-17 21:25:18+00:00,usd_mxn,17.68,17.69,0.057
2024-07-17 21:25:19+00:00,usd_mxn,17.68,17.69,0.057
2024-07-17 21:25:20+00:00,usd_mxn,17.68,17.69,0.057
2024-07-17 21:25:21+00:00,usd_mxn,17.68,17.69,0.057
2024-07-17 21:25:22+00:00,usd_mxn,17.68,17.69,0.057
2024-07-17 21:25:23+00:00,usd_mxn,17.68,17.69,0.057
2024-07-17 21:25:24+00:00,usd_mxn,17.68,17.69,0.057
2024-07-17 21:25:25+00:00,usd_mxn,17.68,17.69,0.057
2024-07-17 21:25:26+00:00,usd_mxn,17.68,17.69,0.057
2024-07-17 21:25:27+00:00,usd_mxn,17.68,17.69,0.057
2024-07-17 21:25:28+00:00,usd_mxn,17.68,17.69,0.057
2024-07-17 21:25:29+00:00,usd_mxn,17.68,17.69,0.057
2024-07-17 21:25:30+00:00,usd_mxn,17.68,17.69,0.057
2024-07-17 21:25:31+00:00,usd_mxn,17.68,17.69,0.057
2024-07-17 21:25:32+00:00,usd_mxn,17.68,17.69,0.057
2024-07-17 21:25:33+00:00,usd_mxn,17.68,17.69,0.057
2024-07-17 21:25:34+00:00,usd_mxn,17.68,17.69,0.057
2024-07-17 21:25:35+00:00,usd_mxn,17.68,17.69,0.057
2024-07-17 21:25:36+00:00,usd_mxn,17.68,17.69,0.057
2024-07-17 21:25:37+00:00,usd_mxn,17.68,17.69,0.057
2024-07-17 21:25:38+00:00,usd_mxn,17.68,17.69,0.057
2024-07-17 21:25:39+00:00,usd_mxn,17.68,17.69,0.057
2024-07-17 21:25:40+00:00,usd_mxn,17.68,17.69,0.057
2024-07-17 21:25:41+00:00,usd_mxn,17.68,17.69,0.057
2024-07-17 21:25:42+00:00,usd_mxn,17.68,17.69,0.057
2024-07-17 21:25:43+00:00,usd_mxn,17.68,17.69,0.057
2024-07-17 21:25:44+00:00,usd_mxn,17.68,17.69,0.057
2024-07-17 21:25:45+00:00,usd_mxn,17.68,17.69,0.057
2024-07-17 21:25:46+00:00,usd_mxn,17.68,17.69,0.057
2024-07-17 21:25:47+00:00,usd_mxn,17.68,17.69,0.057
2024-07-17 21:25:48+00:00,usd_mxn,17.68,17.69,0.057
2024-07-17 21:25:49+00:00,usd_mxn,17.68,17.69,0.057
2024-07-17 21:25:50+00:00,usd_mxn,17.68,17.69,0.057
2024-07-17 21:25:51+00:00,usd_mxn,17.68,17.69,0.057
2024-07-17 21:25:52+00:00,usd_mxn,17.68,17.69,0.057
2024-07-17 21:25:53+00:00,usd_mxn,17.68,17.69,0.057
2024-07-17 21:25:54+00:00,usd_mxn,17.68,17.69,0.057
2024-07-17 21:25:55+00:00,usd_mxn,17.68,17.69,0.057
2024-07-17 21:25:56+00:00,usd_mxn,17.68,17.69,0.057
2024-07-17 21:25:57+00:00,usd_mxn,17.68,17.69,0.057
2024-07-17 21:25:58+00:00,usd_mxn,17.68,17.69,0.057
2024-07-17 21:25:59+00:00,usd_mxn,17.68,17.69,0.057
2024-07-17 21:26:00+00:00,usd_mxn,17.68,17.69,0.057
2024-07-17 21:26:01+00:00,usd_mxn,17.68,17.69,0.057
2024-07-17 21:26:02+00:00,usd_mxn,17.68,17.69,0.057
2024-07-17 21:26:03+00:00,usd_mxn,17.68,17.69,0.057
2024-07-17 21:26:04+00:00,usd_mxn,17.68,17.69,0.057
2024-07-17 21:26:05+00:00,usd_mxn,17.68,17.69,0.057
2024-07-17 21:26:06+00:00,usd_mxn,17.68,17.69,0.057
2024-07-17 21:26:07+00:00,usd_mxn,17.68,17.69,0.057
2024-07-17 21:26:08+00:00,usd_mxn,17.68,17.69,0.057
2024-07-17 21:26:09+00:00,usd_mxn,17.68,17.69,0.057
2024-07-17 21:26:10+00:00,usd_mxn,17.68,17.69,0.057
2024-07-17 21:26:11+00:00,usd_mxn,17.68,17.69,0.057
2024-07-17 21:26:12+00:00,usd_mxn,17.68,17.69,0.057
2024-07-17 21:26:13+00:00,usd_mxn,17.68,17.69,0.057
2024-07-17 21:26:14+00:00,usd_mxn,17.68,17.69,0.057
2024-07-17 21:26:15+00:00,usd_mxn,17.68,17.69,0.057
2024-07-17 21:26:17+00:00,usd_mxn,17.68,17.69,0.057
2024-07-17 21:26:18+00:00,usd_mxn,17.68,17.69,0.057
2024-07-17 21:26:19+00:00,usd_mxn,17.68,17.69,0.057
2024-07-17 21:26:20+00:00,usd_mxn,17.68,17.69,0.057
2024-07-17 21:26:22+00:00,usd_mxn,17.68,17.69,0.057
2024-07-17 21:26:23+00:00,usd_mxn,17.68,17.69,0.057
2024-07-17 21:26:24+00:00,usd_mxn,17.68,17.69,0.057
2024-07-17 21:26:25+00:00,usd_mxn,17.68,17.69,0.057
2024-07-17 21:26:26+00:00,usd_mxn,17.68,17.69,0.057
2024-07-17 21:26:27+00:00,usd_mxn,17.68,17.69,0.057
2024-07-17 21:26:28+00:00,usd_mxn,17.68,17.69,0.057
2024-07-17 21:26:29+00:00,usd_mxn,17.68,17.69,0.057
2024-07-17 21:26:30+00:00,usd_mxn,17.68,17.69,0.057
2024-07-17 21:26:31+00:00,usd_mxn,17.68,17.69,0.057
2024-07-17 21:26:32+00:00,usd_mxn,17.68,17.69,0.057
2024-07-17 21:26:33+00:00,usd_mxn,17.68,17.69,0.057
2024-07-17 21:26:34+00:00,usd_mxn,17.68,17.69,0.057
2024-07-17 21:26:35+00:00,usd_mxn,17.68,17.69,0.057
2024-07-17 21:26:36+00:00,usd_mxn,17.68,17.69,0.057
2024-07-17 21:26:37+00:00,usd_mxn,17.68,17.69,0.057
2024-07-17 21:26:38+00:00,usd_mxn,17.68,17.69,0.057
2024-07-17 21:26:39+00:00,usd_mxn,17.68,17.69,0.057
2024-07-17 21:26:40+00:00,usd_mxn,17.68,17.69,0.057
2024-07-17 21:26:41+00:00,usd_mxn,17.68,17.69,0.057
2024-07-17 21:26:42+00:00,usd_mxn,17.68,17.69,0.057
2024-07-17 21:26:43+00:00,usd_mxn,17.68,17.69,0.057
2024-07-17 21:26:44+00:00,usd_mxn,17.68,17.69,0.057
2024-07-17 21:26:45+00:00,usd_mxn,17.68,17.69,0.057
2024-07-17 21:26:46+00:00,usd_mxn,17.68,17.69,0.057
2024-07-17 21:26:47+00:00,usd_mxn,17.68,17.69,0.057
2024-07-17 21:26:48+00:00,usd_mxn,17.68,17.69,0.057
2024-07-17 21:26:49+00:00,usd_mxn,17.68,17.69,0.057
2024-07-17 21:26:50+00:00,usd_mxn,17.68,17.69,0.057
2024-07-17 21:26:51+00:00,usd_mxn,17.68,17.69,0.057
2024-07-17 21:26:52+00:00,usd_mxn,17.68,17.69,0.057
2024-07-17 21:26:53+00:00,usd_mxn,17.68,17.69,0.057
2024-07-17 21:26:54+00:00,usd_mxn,17.68,17.69,0.057
2024-07-17 21:26:55+00:00,usd_mxn,17.68,17.69,0.057
2024-07-17 21:26:56+00:00,usd_mxn,17.68,17.69,0.057
2024-07-17 21:26:57+00:00,usd_mxn,17.68,17.69,0.057
2024-07-17 21:26:58+00:00,usd_mxn,17.68,17.69,0.057
2024-07-17 21:26:59+00:00,usd_mxn,17.68,17.69,0.057
2024-07-17 21:27:00+00:00,usd_mxn,17.68,17.69,0.057
2024-07-17 21:27:01+00:00,usd_mxn,17.68,17.69,0.057
2024-07-17 21:27:02+00:00,usd_mxn,17.68,17.69,0.057
2024-07-17 21:27:03+00:00,usd_mxn,17.68,17.69,0.057
2024-07-17 21:27:04+00:00,usd_mxn,17.68,17.69,0.057
2024-07-17 21:27:05+00:00,usd_mxn,17.68,17.69,0.057
2024-07-17 21:27:06+00:00,usd_mxn,17.68,17.69,0.057
2024-07-17 21:27:07+00:00,usd_mxn,17.68,17.69,0.057
2024-07-17 21:27:08+00:00,usd_mxn,17.68,17.69,0.057
2024-07-17 21:27:10+00:00,usd_mxn,17.68,17.69,0.057
2024-07-17 21:27:11+00:00,usd_mxn,17.68,17.69,0.057
2024-07-17 21:27:12+00:00,usd_mxn,17.68,17.69,0.057
2024-07-17 21:27:13+00:00,usd_mxn,17.68,17.69,0.057
2024-07-17 21:27:14+00:00,usd_mxn,17.68,17.69,0.057
2024-07-17 21:27:15+00:00,usd_mxn,17.68,17.69,0.057
2024-07-17 21:27:16+00:00,usd_mxn,17.68,17.69,0.057
2024-07-17 21:27:17+00:00,usd_mxn,17.68,17.69,0.057
2024-07-17 21:27:18+00:00,usd_mxn,17.68,17.69,0.057
2024-07-17 21:27:19+00:00,usd_mxn,17.68,17.69,0.057
2024-07-17 21:27:20+00:00,usd_mxn,17.68,17.69,0.057
2024-07-17 21:27:21+00:00,usd_mxn,17.68,17.69,0.057
2024-07-17 21:27:22+00:00,usd_mxn,17.68,17.69,0.057
2024-07-17 21:27:23+00:00,usd_mxn,17.68,17.69,0.057
2024-07-17 21:27:24+00:00,usd_mxn,17.68,17.69,0.057
2024-07-17 21:27:25+00:00,usd_mxn,17.68,17.69,0.057
2024-07-17 21:27:26+00:00,usd_mxn,17.68,17.69,0.057
2024-07-17 21:27:27+00:00,usd_mxn,17.68,17.69,0.057
2024-07-17 21:27:28+00:00,usd_mxn,17.68,17.69,0.057
2024-07-17 21:27:29+00:00,usd_mxn,17.68,17.69,0.057
2024-07-17 21:27:30+00:00,usd_mxn,17.68,17.69,0.057
2024-07-17 21:27:31+00:00,usd_mxn,17.68,17.69,0.057
2024-07-17 21:27:32+00:00,usd_mxn,17.68,17.69,0.057
2024-07-17 21:27:33+00:00,usd_mxn,17.68,17.69,0.057
2024-07-17 21:27:34+00:00,usd_mxn,17.68,17.69,0.057
2024-07-17 21:27:35+00:00,usd_mxn,17.68,17.69,0.057
2024-07-17 21:27:36+00:00,usd_mxn,17.68,17.69,0.057
2024-07-17 21:27:37+00:00,usd_mxn,17.68,17.69,0.057
2024-07-17 21:27:38+00:00,usd_mxn,17.68,17.69,0.057
2024-07-17 21:27:39+00:00,usd_mxn,17.68,17.69,0.057
2024-07-17 21:27:40+00:00,usd_mxn,17.68,17.69,0.057
2024-07-17 21:27:41+00:00,usd_mxn,17.68,17.69,0.057
2024-07-17 21:27:42+00:00,usd_mxn,17.68,17.69,0.057
2024-07-17 21:27:43+00:00,usd_mxn,17.68,17.69,0.057
2024-07-17 21:27:44+00:00,usd_mxn,17.68,17.69,0.057
2024-07-17 21:27:45+00:00,usd_mxn,17.68,17.69,0.057
2024-07-17 21:27:46+00:00,usd_mxn,17.68,17.69,0.057
2024-07-17 21:27:47+00:00,usd_mxn,17.68,17.69,0.057
2024-07-17 21:27:48+00:00,usd_mxn,17.68,17.69,0.057
2024-07-17 21:27:49+00:00,usd_mxn,17.68,17.69,0.057
2024-07-17 21:27:50+00:00,usd_mxn,17.68,17.69,0.057
2024-07-17 21:27:51+00:00,usd_mxn,17.68,17.69,0.057
2024-07-17 21:27:52+00:00,usd_mxn,17.68,17.69,0.057
2024-07-17 21:27:53+00:00,usd_mxn,17.68,17.69,0.057
2024-07-17 21:27:54+00:00,usd_mxn,17.68,17.69,0.057
2024-07-17 21:27:55+00:00,usd_mxn,17.68,17.69,0.057
2024-07-17 21:27:56+00:00,usd_mxn,17.68,17.69,0.057
2024-07-17 21:27:57+00:00,usd_mxn,17.68,17.69,0.057
2024-07-17 21:27:58+00:00,usd_mxn,17.68,17.69,0.057
2024-07-17 21:27:59+00:00,usd_mxn,17.68,17.69,0.057
2024-07-17 21:28:00+00:00,usd_mxn,17.68,17.69,0.057
2024-07-17 21:28:01+00:00,usd_mxn,17.68,17.69,0.057
2024-07-17 21:28:02+00:00,usd_mxn,17.68,17.69,0.057
2024-07-17 21:28:03+00:00,usd_mxn,17.68,17.69,0.057
2024-07-17 21:28:05+00:00,usd_mxn,17.68,17.69,0.057
2024-07-17 21:28:06+00:00,usd_mxn,17.68,17.69,0.057
2024-07-17 21:28:07+00:00,usd_mxn,17.68,17.69,0.057
2024-07-17 21:28:08+00:00,usd_mxn,17.68,17.69,0.057
2024-07-17 21:28:09+00:00,usd_mxn,17.68,17.69,0.057
2024-07-17 21:28:10+00:00,usd_mxn,17.68,17.69,0.057
2024-07-17 21:28:11+00:00,usd_mxn,17.68,17.69,0.057
2024-07-17 21:28:12+00:00,usd_mxn,17.68,17.69,0.057
2024-07-17 21:28:13+00:00,usd_mxn,17.68,17.69,0.057
2024-07-17 21:28:14+00:00,usd_mxn,17.68,17.69,0.057
2024-07-17 21:28:15+00:00,usd_mxn,17.68,17.69,0.057
2024-07-17 21:28:16+00:00,usd_mxn,17.68,17.69,0.057
2024-07-17 21:28:17+00:00,usd_mxn,17.68,17.69,0.057
2024-07-17 21:28:18+00:00,usd_mxn,17.68,17.69,0.057
2024-07-17 21:28:19+00:00,usd_mxn,17.68,17.69,0.057
2024-07-17 21:28:21+00:00,usd_mxn,17.68,17.69,0.057
2024-07-17 21:28:22+00:00,usd_mxn,17.68,17.69,0.057
2024-07-17 21:28:23+00:00,usd_mxn,17.68,17.69,0.057
2024-07-17 21:28:24+00:00,usd_mxn,17.68,17.69,0.057
2024-07-17 21:28:25+00:00,usd_mxn,17.68,17.69,0.057
2024-07-17 21:28:26+00:00,usd_mxn,17.68,17.69,0.057
2024-07-17 21:28:27+00:00,usd_mxn,17.68,17.69,0.057
2024-07-17 21:28:28+00:00,usd_mxn,17.68,17.69,0.057
2024-07-17 21:28:29+00:00,usd_mxn,17.68,17.69,0.057
2024-07-17 21:28:30+00:00,usd_mxn,17.68,17.69,0.057
2024-07-17 21:28:31+00:00,usd_mxn,17.68,17.69,0.057
2024-07-17 21:28:32+00:00,usd_mxn,17.68,17.69,0.057
2024-07-17 21:28:34+00:00,usd_mxn,17.68,17.69,0.057
2024-07-17 21:28:34+00:00,usd_mxn,17.68,17.69,0.057
2024-07-17 21:28:35+00:00,usd_mxn,17.68,17.69,0.057
2024-07-17 21:28:36+00:00,usd_mxn,17.68,17.69,0.057
2024-07-17 21:28:37+00:00,usd_mxn,17.68,17.69,0.057
2024-07-17 21:28:38+00:00,usd_mxn,17.68,17.69,0.057
2024-07-17 21:28:39+00:00,usd_mxn,17.68,17.69,0.057
2024-07-17 21:28:40+00:00,usd_mxn,17.68,17.7,0.113
2024-07-17 21:28:41+00:00,usd_mxn,17.68,17.7,0.113
2024-07-17 21:28:42+00:00,usd_mxn,17.68,17.7,0.113
2024-07-17 21:28:43+00:00,usd_mxn,17.68,17.7,0.113
2024-07-17 21:28:44+00:00,usd_mxn,17.68,17.7,0.113
2024-07-17 21:28:45+00:00,usd_mxn,17.68,17.7,0.113
2024-07-17 21:28:46+00:00,usd_mxn,17.68,17.7,0.113
2024-07-17 21:28:47+00:00,usd_mxn,17.68,17.7,0.113
2024-07-17 21:28:48+00:00,usd_mxn,17.68,17.7,0.113
2024-07-17 21:28:49+00:00,usd_mxn,17.67,17.7,0.169
2024-07-17 21:28:50+00:00,usd_mxn,17.67,17.7,0.169
2024-07-17 21:28:51+00:00,usd_mxn,17.67,17.7,0.169
2024-07-17 21:28:52+00:00,usd_mxn,17.67,17.7,0.169
2024-07-17 21:28:53+00:00,usd_mxn,17.67,17.7,0.169
2024-07-17 21:28:55+00:00,usd_mxn,17.67,17.7,0.169
2024-07-17 21:28:56+00:00,usd_mxn,17.67,17.7,0.169
2024-07-17 21:28:57+00:00,usd_mxn,17.67,17.7,0.169
2024-07-17 21:28:58+00:00,usd_mxn,17.67,17.7,0.169
2024-07-17 21:28:59+00:00,usd_mxn,17.67,17.7,0.169
2024-07-17 21:29:00+00:00,usd_mxn,17.68,17.7,0.113
2024-07-17 21:29:01+00:00,usd_mxn,17.68,17.7,0.113
2024-07-17 21:29:02+00:00,usd_mxn,17.68,17.7,0.113
2024-07-17 21:29:03+00:00,usd_mxn,17.68,17.7,0.113
2024-07-17 21:29:04+00:00,usd_mxn,17.68,17.7,0.113
2024-07-17 21:29:05+00:00,usd_mxn,17.68,17.7,0.113
2024-07-17 21:29:06+00:00,usd_mxn,17.68,17.7,0.113
2024-07-17 21:29:07+00:00,usd_mxn,17.68,17.7,0.113
2024-07-17 21:29:08+00:00,usd_mxn,17.68,17.7,0.113
2024-07-17 21:29:09+00:00,usd_mxn,17.68,17.7,0.113
2024-07-17 21:29:10+00:00,usd_mxn,17.68,17.7,0.113
2024-07-17 21:29:11+00:00,usd_mxn,17.68,17.7,0.113
2024-07-17 21:29:12+00:00,usd_mxn,17.68,17.7,0.113
2024-07-17 21:29:13+00:00,usd_mxn,17.68,17.7,0.113
2024-07-17 21:29:14+00:00,usd_mxn,17.68,17.7,0.113
2024-07-17 21:29:15+00:00,usd_mxn,17.68,17.7,0.113
2024-07-17 21:29:16+00:00,usd_mxn,17.68,17.7,0.113
2024-07-17 21:29:17+00:00,usd_mxn,17.68,17.7,0.113
2024-07-17 21:29:18+00:00,usd_mxn,17.68,17.7,0.113
2024-07-17 21:29:19+00:00,usd_mxn,17.68,17.7,0.113
2024-07-17 21:29:20+00:00,usd_mxn,17.68,17.7,0.113
2024-07-17 21:29:21+00:00,usd_mxn,17.68,17.7,0.113
2024-07-17 21:29:22+00:00,usd_mxn,17.68,17.7,0.113
2024-07-17 21:29:23+00:00,usd_mxn,17.68,17.7,0.113
2024-07-17 21:29:24+00:00,usd_mxn,17.68,17.7,0.113
2024-07-17 21:29:25+00:00,usd_mxn,17.68,17.7,0.113
2024-07-17 21:29:26+00:00,usd_mxn,17.68,17.7,0.113
2024-07-17 21:29:27+00:00,usd_mxn,17.68,17.7,0.113
2024-07-17 21:29:28+00:00,usd_mxn,17.68,17.7,0.113
2024-07-17 21:29:29+00:00,usd_mxn,17.68,17.7,0.113
2024-07-17 21:29:30+00:00,usd_mxn,17.68,17.7,0.113
2024-07-17 21:29:31+00:00,usd_mxn,17.68,17.7,0.113
2024-07-17 21:29:32+00:00,usd_mxn,17.68,17.7,0.113
2024-07-17 21:29:33+00:00,usd_mxn,17.68,17.7,0.113
2024-07-17 21:29:34+00:00,usd_mxn,17.68,17.7,0.113
2024-07-17 21:29:35+00:00,usd_mxn,17.68,17.7,0.113
2024-07-17 21:29:36+00:00,usd_mxn,17.68,17.7,0.113
2024-07-17 21:29:37+00:00,usd_mxn,17.68,17.7,0.113
2024-07-17 21:29:38+00:00,usd_mxn,17.68,17.7,0.113
2024-07-17 21:29:39+00:00,usd_mxn,17.68,17.7,0.113
2024-07-17 21:29:40+00:00,usd_mxn,17.68,17.7,0.113
2024-07-17 21:29:41+00:00,usd_mxn,17.68,17.7,0.113
2024-07-17 21:29:42+00:00,usd_mxn,17.68,17.7,0.113
2024-07-17 21:29:44+00:00,usd_mxn,17.68,17.7,0.113
2024-07-17 21:29:45+00:00,usd_mxn,17.68,17.7,0.113
2024-07-17 21:29:45+00:00,usd_mxn,17.68,17.7,0.113
2024-07-17 21:29:47+00:00,usd_mxn,17.68,17.7,0.113
2024-07-17 21:29:48+00:00,usd_mxn,17.68,17.7,0.113
2024-07-17 21:29:49+00:00,usd_mxn,17.68,17.7,0.113
2024-07-17 21:29:50+00:00,usd_mxn,17.68,17.7,0.113
2024-07-17 21:29:51+00:00,usd_mxn,17.68,17.7,0.113
2024-07-17 21:29:52+00:00,usd_mxn,17.68,17.7,0.113
2024-07-17 21:29:53+00:00,usd_mxn,17.68,17.7,0.113
2024-07-17 21:29:54+00:00,usd_mxn,17.68,17.7,0.113
2024-07-17 21:29:55+00:00,usd_mxn,17.68,17.7,0.113
2024-07-17 21:29:56+00:00,usd_mxn,17.68,17.7,0.113
2024-07-17 21:29:57+00:00,usd_mxn,17.68,17.7,0.113
2024-07-17 21:29:58+00:00,usd_mxn,17.68,17.7,0.113
2024-07-17 21:29:59+00:00,usd_mxn,17.68,17.7,0.113
2024-07-17 21:30:00+00:00,usd_mxn,17.68,17.7,0.113
2024-07-17 21:30:01+00:00,usd_mxn,17.68,17.7,0.113
2024-07-17 21:30:02+00:00,usd_mxn,17.68,17.7,0.113
2024-07-17 21:30:03+00:00,usd_mxn,17.68,17.7,0.113
2024-07-17 21:30:04+00:00,usd_mxn,17.68,17.7,0.113
2024-07-17 21:30:05+00:00,usd_mxn,17.68,17.7,0.113
2024-07-17 21:30:06+00:00,usd_mxn,17.68,17.7,0.113
2024-07-17 21:30:07+00:00,usd_mxn,17.68,17.7,0.113
2024-07-17 21:30:08+00:00,usd_mxn,17.68,17.7,0.113
2024-07-17 21:30:09+00:00,usd_mxn,17.68,17.7,0.113
2024-07-17 21:30:10+00:00,usd_mxn,17.68,17.7,0.113
2024-07-17 21:30:11+00:00,usd_mxn,17.68,17.7,0.113
2024-07-17 21:30:12+00:00,usd_mxn,17.68,17.7,0.113
2024-07-17 21:30:13+00:00,usd_mxn,17.68,17.7,0.113
2024-07-17 21:30:14+00:00,usd_mxn,17.68,17.7,0.113
2024-07-17 21:30:15+00:00,usd_mxn,17.68,17.7,0.113
2024-07-17 21:30:16+00:00,usd_mxn,17.68,17.7,0.113
2024-07-17 21:30:17+00:00,usd_mxn,17.68,17.7,0.113
2024-07-17 21:30:18+00:00,usd_mxn,17.68,17.7,0.113
2024-07-17 21:30:19+00:00,usd_mxn,17.68,17.7,0.113
2024-07-17 21:30:20+00:00,usd_mxn,17.68,17.7,0.113
2024-07-17 21:30:21+00:00,usd_mxn,17.68,17.7,0.113
2024-07-17 21:30:22+00:00,usd_mxn,17.68,17.7,0.113
2024-07-17 21:30:23+00:00,usd_mxn,17.68,17.7,0.113
2024-07-17 21:30:24+00:00,usd_mxn,17.68,17.7,0.113
2024-07-17 21:30:25+00:00,usd_mxn,17.68,17.7,0.113
2024-07-17 21:30:26+00:00,usd_mxn,17.68,17.7,0.113
2024-07-17 21:30:27+00:00,usd_mxn,17.68,17.7,0.113
2024-07-17 21:30:28+00:00,usd_mxn,17.68,17.7,0.113
2024-07-17 21:30:29+00:00,usd_mxn,17.68,17.7,0.113
2024-07-17 21:30:30+00:00,usd_mxn,17.68,17.7,0.113
2024-07-17 21:30:31+00:00,usd_mxn,17.68,17.7,0.113
2024-07-17 21:30:32+00:00,usd_mxn,17.68,17.7,0.113
2024-07-17 21:30:33+00:00,usd_mxn,17.68,17.7,0.113
2024-07-17 21:30:34+00:00,usd_mxn,17.68,17.7,0.113
2024-07-17 21:30:35+00:00,usd_mxn,17.68,17.7,0.113
2024-07-17 21:30:36+00:00,usd_mxn,17.68,17.7,0.113
2024-07-17 21:30:37+00:00,usd_mxn,17.68,17.7,0.113
2024-07-17 21:30:38+00:00,usd_mxn,17.68,17.7,0.113
2024-07-17 21:30:39+00:00,usd_mxn,17.68,17.7,0.113
2024-07-17 21:30:40+00:00,usd_mxn,17.68,17.7,0.113
2024-07-17 21:30:41+00:00,usd_mxn,17.68,17.7,0.113
2024-07-17 21:30:42+00:00,usd_mxn,17.68,17.7,0.113
2024-07-17 21:30:43+00:00,usd_mxn,17.68,17.7,0.113
2024-07-17 21:30:44+00:00,usd_mxn,17.68,17.7,0.113
2024-07-17 21:30:45+00:00,usd_mxn,17.68,17.7,0.113
2024-07-17 21:30:46+00:00,usd_mxn,17.68,17.7,0.113
2024-07-17 21:30:47+00:00,usd_mxn,17.68,17.7,0.113
2024-07-17 21:30:48+00:00,usd_mxn,17.68,17.7,0.113
2024-07-17 21:30:49+00:00,usd_mxn,17.68,17.7,0.113
2024-07-17 21:30:50+00:00,usd_mxn,17.68,17.7,0.113
2024-07-17 21:30:51+00:00,usd_mxn,17.68,17.7,0.113
2024-07-17 21:30:52+00:00,usd_mxn,17.68,17.7,0.113
2024-07-17 21:30:54+00:00,usd_mxn,17.68,17.7,0.113
2024-07-17 21:30:55+00:00,usd_mxn,17.68,17.7,0.113
2024-07-17 21:30:56+00:00,usd_mxn,17.68,17.7,0.113
2024-07-17 21:30:57+00:00,usd_mxn,17.68,17.7,0.113
2024-07-17 21:30:58+00:00,usd_mxn,17.68,17.7,0.113
2024-07-17 21:30:59+00:00,usd_mxn,17.68,17.7,0.113
2024-07-17 21:31:00+00:00,usd_mxn,17.68,17.7,0.113
2024-07-17 21:31:01+00:00,usd_mxn,17.68,17.7,0.113
2024-07-17 21:31:02+00:00,usd_mxn,17.68,17.7,0.113
2024-07-17 21:31:03+00:00,usd_mxn,17.68,17.7,0.113
2024-07-17 21:31:04+00:00,usd_mxn,17.68,17.7,0.113
2024-07-17 21:31:05+00:00,usd_mxn,17.68,17.7,0.113
2024-07-17 21:31:06+00:00,usd_mxn,17.68,17.7,0.113
2024-07-17 21:31:07+00:00,usd_mxn,17.68,17.7,0.113
2024-07-17 21:31:08+00:00,usd_mxn,17.68,17.7,0.113
2024-07-17 21:31:09+00:00,usd_mxn,17.68,17.7,0.113
2024-07-17 21:31:10+00:00,usd_mxn,17.68,17.7,0.113
2024-07-17 21:31:11+00:00,usd_mxn,17.68,17.7,0.113
2024-07-17 21:31:12+00:00,usd_mxn,17.68,17.7,0.113
2024-07-17 21:31:13+00:00,usd_mxn,17.68,17.7,0.113
2024-07-17 21:31:14+00:00,usd_mxn,17.68,17.7,0.113
2024-07-17 21:31:15+00:00,usd_mxn,17.68,17.7,0.113
2024-07-17 21:31:16+00:00,usd_mxn,17.68,17.7,0.113
2024-07-17 21:31:17+00:00,usd_mxn,17.68,17.7,0.113
2024-07-17 21:31:18+00:00,usd_mxn,17.68,17.7,0.113
2024-07-17 21:31:19+00:00,usd_mxn,17.68,17.7,0.113
2024-07-17 21:31:20+00:00,usd_mxn,17.68,17.7,0.113
2024-07-17 21:31:21+00:00,usd_mxn,17.68,17.7,0.113
2024-07-17 21:31:22+00:00,usd_mxn,17.68,17.7,0.113
2024-07-17 21:31:23+00:00,usd_mxn,17.68,17.7,0.113
2024-07-17 21:31:24+00:00,usd_mxn,17.68,17.7,0.113
2024-07-17 21:31:25+00:00,usd_mxn,17.68,17.7,0.113
2024-07-17 21:31:26+00:00,usd_mxn,17.68,17.7,0.113
2024-07-17 21:31:27+00:00,usd_mxn,17.68,17.7,0.113
2024-07-17 21:31:28+00:00,usd_mxn,17.68,17.7,0.113
2024-07-17 21:31:29+00:00,usd_mxn,17.68,17.7,0.113
2024-07-17 21:31:30+00:00,usd_mxn,17.68,17.7,0.113
2024-07-17 21:31:31+00:00,usd_mxn,17.68,17.7,0.113
2024-07-17 21:31:33+00:00,usd_mxn,17.68,17.7,0.113
2024-07-17 21:31:34+00:00,usd_mxn,17.68,17.7,0.113
2024-07-17 21:31:34+00:00,usd_mxn,17.68,17.7,0.113
2024-07-17 21:31:35+00:00,usd_mxn,17.68,17.7,0.113
2024-07-17 21:31:36+00:00,usd_mxn,17.68,17.7,0.113
2024-07-17 21:31:37+00:00,usd_mxn,17.68,17.7,0.113
2024-07-17 21:31:38+00:00,usd_mxn,17.68,17.7,0.113
2024-07-17 21:31:39+00:00,usd_mxn,17.68,17.7,0.113
2024-07-17 21:31:41+00:00,usd_mxn,17.68,17.7,0.113
2024-07-17 21:31:41+00:00,usd_mxn,17.68,17.7,0.113
2024-07-17 21:31:43+00:00,usd_mxn,17.68,17.7,0.113
2024-07-17 21:31:44+00:00,usd_mxn,17.68,17.7,0.113
2024-07-17 21:31:45+00:00,usd_mxn,17.68,17.7,0.113
2024-07-17 21:31:46+00:00,usd_mxn,17.68,17.7,0.113
2024-07-17 21:31:47+00:00,usd_mxn,17.68,17.7,0.113
2024-07-17 21:31:48+00:00,usd_mxn,17.68,17.7,0.113
2024-07-17 21:31:49+00:00,usd_mxn,17.68,17.7,0.113
2024-07-17 21:31:50+00:00,usd_mxn,17.68,17.7,0.113
2024-07-17 21:31:51+00:00,usd_mxn,17.68,17.7,0.113
2024-07-17 21:31:52+00:00,usd_mxn,17.68,17.7,0.113
2024-07-17 21:31:53+00:00,usd_mxn,17.68,17.7,0.113
2024-07-17 21:31:54+00:00,usd_mxn,17.68,17.7,0.113
2024-07-17 21:31:55+00:00,usd_mxn,17.68,17.7,0.113
2024-07-17 21:31:56+00:00,usd_mxn,17.68,17.7,0.113
2024-07-17 21:31:57+00:00,usd_mxn,17.68,17.7,0.113
2024-07-17 21:31:58+00:00,usd_mxn,17.68,17.7,0.113
2024-07-17 21:31:59+00:00,usd_mxn,17.68,17.7,0.113
2024-07-17 21:32:00+00:00,usd_mxn,17.68,17.7,0.113
2024-07-17 21:32:01+00:00,usd_mxn,17.68,17.7,0.113
2024-07-17 21:32:02+00:00,usd_mxn,17.68,17.7,0.113
2024-07-17 21:32:03+00:00,usd_mxn,17.68,17.7,0.113
2024-07-17 21:32:04+00:00,usd_mxn,17.68,17.7,0.113
2024-07-17 21:32:05+00:00,usd_mxn,17.68,17.7,0.113
2024-07-17 21:32:06+00:00,usd_mxn,17.68,17.7,0.113
2024-07-17 21:32:07+00:00,usd_mxn,17.68,17.7,0.113
2024-07-17 21:32:08+00:00,usd_mxn,17.68,17.7,0.113
2024-07-17 21:32:09+00:00,usd_mxn,17.68,17.7,0.113
2024-07-17 21:32:10+00:00,usd_mxn,17.68,17.7,0.113
2024-07-17 21:32:11+00:00,usd_mxn,17.68,17.7,0.113
2024-07-17 21:32:12+00:00,usd_mxn,17.68,17.7,0.113
2024-07-17 21:32:13+00:00,usd_mxn,17.68,17.7,0.113
2024-07-17 21:32:14+00:00,usd_mxn,17.68,17.7,0.113
2024-07-17 21:32:15+00:00,usd_mxn,17.68,17.7,0.113
2024-07-17 21:32:16+00:00,usd_mxn,17.68,17.7,0.113
2024-07-17 21:32:17+00:00,usd_mxn,17.68,17.7,0.113
2024-07-17 21:32:18+00:00,usd_mxn,17.68,17.7,0.113
2024-07-17 21:32:19+00:00,usd_mxn,17.68,17.7,0.113
2024-07-17 21:32:20+00:00,usd_mxn,17.68,17.7,0.113
2024-07-17 21:32:21+00:00,usd_mxn,17.68,17.7,0.113
2024-07-17 21:32:22+00:00,usd_mxn,17.68,17.7,0.113
2024-07-17 21:32:23+00:00,usd_mxn,17.68,17.7,0.113
2024-07-17 21:32:24+00:00,usd_mxn,17.68,17.7,0.113
2024-07-17 21:32:25+00:00,usd_mxn,17.68,17.7,0.113
2024-07-17 21:32:26+00:00,usd_mxn,17.68,17.7,0.113
2024-07-17 21:32:27+00:00,usd_mxn,17.68,17.7,0.113
2024-07-17 21:32:28+00:00,usd_mxn,17.68,17.7,0.113
2024-07-17 21:32:29+00:00,usd_mxn,17.68,17.7,0.113
2024-07-17 21:32:30+00:00,usd_mxn,17.68,17.7,0.113
2024-07-17 21:32:31+00:00,usd_mxn,17.68,17.7,0.113
2024-07-17 21:32:32+00:00,usd_mxn,17.68,17.7,0.113
2024-07-17 21:32:33+00:00,usd_mxn,17.68,17.7,0.113
2024-07-17 21:32:34+00:00,usd_mxn,17.68,17.7,0.113
2024-07-17 21:32:35+00:00,usd_mxn,17.68,17.7,0.113
2024-07-17 21:32:36+00:00,usd_mxn,17.68,17.7,0.113
2024-07-17 21:32:37+00:00,usd_mxn,17.68,17.7,0.113
2024-07-17 21:32:38+00:00,usd_mxn,17.68,17.7,0.113
2024-07-17 21:32:39+00:00,usd_mxn,17.68,17.7,0.113
2024-07-17 21:32:40+00:00,usd_mxn,17.68,17.7,0.113
2024-07-17 21:32:41+00:00,usd_mxn,17.68,17.7,0.113
2024-07-17 21:32:42+00:00,usd_mxn,17.68,17.7,0.113
2024-07-17 21:32:43+00:00,usd_mxn,17.68,17.7,0.113
2024-07-17 21:32:44+00:00,usd_mxn,17.68,17.7,0.113
2024-07-17 21:32:45+00:00,usd_mxn,17.68,17.7,0.113
2024-07-17 21:32:46+00:00,usd_mxn,17.68,17.7,0.113
2024-07-17 21:32:47+00:00,usd_mxn,17.68,17.7,0.113
2024-07-17 21:32:48+00:00,usd_mxn,17.68,17.7,0.113
2024-07-17 21:32:50+00:00,usd_mxn,17.68,17.7,0.113
2024-07-17 21:32:51+00:00,usd_mxn,17.68,17.7,0.113
2024-07-17 21:32:52+00:00,usd_mxn,17.68,17.7,0.113
2024-07-17 21:32:53+00:00,usd_mxn,17.68,17.7,0.113
2024-07-17 21:32:54+00:00,usd_mxn,17.68,17.7,0.113
2024-07-17 21:32:55+00:00,usd_mxn,17.68,17.7,0.113
2024-07-17 21:32:56+00:00,usd_mxn,17.68,17.7,0.113
2024-07-17 21:32:57+00:00,usd_mxn,17.68,17.7,0.113
2024-07-17 21:32:58+00:00,usd_mxn,17.68,17.7,0.113
2024-07-17 21:32:59+00:00,usd_mxn,17.68,17.7,0.113
2024-07-17 21:33:00+00:00,usd_mxn,17.68,17.7,0.113
2024-07-17 21:33:01+00:00,usd_mxn,17.68,17.7,0.113
2024-07-17 21:33:02+00:00,usd_mxn,17.68,17.7,0.113
2024-07-17 21:33:03+00:00,usd_mxn,17.68,17.7,0.113
2024-07-17 21:33:04+00:00,usd_mxn,17.68,17.7,0.113
2024-07-17 21:33:05+00:00,usd_mxn,17.68,17.7,0.113
2024-07-17 21:33:06+00:00,usd_mxn,17.68,17.7,0.113
2024-07-17 21:33:07+00:00,usd_mxn,17.68,17.7,0.113
2024-07-17 21:33:08+00:00,usd_mxn,17.68,17.7,0.113
2024-07-17 21:33:09+00:00,usd_mxn,17.68,17.7,0.113
2024-07-17 21:33:10+00:00,usd_mxn,17.68,17.7,0.113
2024-07-17 21:33:11+00:00,usd_mxn,17.68,17.7,0.113
2024-07-17 21:33:12+00:00,usd_mxn,17.68,17.7,0.113
2024-07-17 21:33:13+00:00,usd_mxn,17.68,17.7,0.113
2024-07-17 21:33:14+00:00,usd_mxn,17.68,17.7,0.113
2024-07-17 21:33:15+00:00,usd_mxn,17.68,17.7,0.113
2024-07-17 21:33:16+00:00,usd_mxn,17.68,17.7,0.113
2024-07-17 21:33:17+00:00,usd_mxn,17.68,17.7,0.113
2024-07-17 21:33:18+00:00,usd_mxn,17.68,17.7,0.113
2024-07-17 21:33:19+00:00,usd_mxn,17.68,17.7,0.113
2024-07-17 21:33:20+00:00,usd_mxn,17.68,17.7,0.113
2024-07-17 21:33:21+00:00,usd_mxn,17.68,17.7,0.113
2024-07-17 21:33:22+00:00,usd_mxn,17.68,17.7,0.113
2024-07-17 21:33:23+00:00,usd_mxn,17.68,17.7,0.113
2024-07-17 21:33:24+00:00,usd_mxn,17.68,17.7,0.113
2024-07-17 21:33:25+00:00,usd_mxn,17.68,17.7,0.113
2024-07-17 21:33:26+00:00,usd_mxn,17.68,17.7,0.113
2024-07-17 21:33:27+00:00,usd_mxn,17.68,17.7,0.113
2024-07-17 21:33:28+00:00,usd_mxn,17.68,17.7,0.113
2024-07-17 21:33:29+00:00,usd_mxn,17.68,17.7,0.113
2024-07-17 21:33:30+00:00,usd_mxn,17.68,17.7,0.113
2024-07-17 21:33:31+00:00,usd_mxn,17.68,17.7,0.113
2024-07-17 21:33:32+00:00,usd_mxn,17.68,17.7,0.113
2024-07-17 21:33:33+00:00,usd_mxn,17.68,17.7,0.113
2024-07-17 21:33:34+00:00,usd_mxn,17.68,17.7,0.113
2024-07-17 21:33:35+00:00,usd_mxn,17.68,17.7,0.113
2024-07-17 21:33:36+00:00,usd_mxn,17.68,17.7,0.113
2024-07-17 21:33:37+00:00,usd_mxn,17.68,17.7,0.113
2024-07-17 21:33:38+00:00,usd_mxn,17.68,17.7,0.113
2024-07-17 21:33:39+00:00,usd_mxn,17.68,17.7,0.113
2024-07-17 21:33:40+00:00,usd_mxn,17.68,17.7,0.113
2024-07-17 21:33:41+00:00,usd_mxn,17.68,17.7,0.113
2024-07-17 21:33:42+00:00,usd_mxn,17.68,17.7,0.113
2024-07-17 21:33:43+00:00,usd_mxn,17.68,17.7,0.113
2024-07-17 21:33:45+00:00,usd_mxn,17.68,17.7,0.113
2024-07-17 21:33:46+00:00,usd_mxn,17.68,17.7,0.113
2024-07-17 21:33:47+00:00,usd_mxn,17.68,17.7,0.113
2024-07-17 21:33:48+00:00,usd_mxn,17.68,17.7,0.113
2024-07-17 21:33:50+00:00,usd_mxn,17.68,17.7,0.113
2024-07-17 21:33:51+00:00,usd_mxn,17.68,17.7,0.113
2024-07-17 21:33:52+00:00,usd_mxn,17.68,17.7,0.113
2024-07-17 21:33:53+00:00,usd_mxn,17.68,17.7,0.113
2024-07-17 21:33:54+00:00,usd_mxn,17.68,17.7,0.113
2024-07-17 21:33:55+00:00,usd_mxn,17.68,17.7,0.113
2024-07-17 21:33:56+00:00,usd_mxn,17.68,17.7,0.113
2024-07-17 21:33:57+00:00,usd_mxn,17.68,17.7,0.113
2024-07-17 21:33:58+00:00,usd_mxn,17.68,17.7,0.113
2024-07-17 21:33:59+00:00,usd_mxn,17.68,17.7,0.113
2024-07-17 21:34:00+00:00,usd_mxn,17.68,17.7,0.113
2024-07-17 21:34:01+00:00,usd_mxn,17.68,17.7,0.113
2024-07-17 21:34:02+00:00,usd_mxn,17.68,17.7,0.113
2024-07-17 21:34:03+00:00,usd_mxn,17.68,17.7,0.113
2024-07-17 21:34:04+00:00,usd_mxn,17.68,17.7,0.113
2024-07-17 21:34:05+00:00,usd_mxn,17.68,17.7,0.113
2024-07-17 21:34:06+00:00,usd_mxn,17.68,17.7,0.113
2024-07-17 21:34:07+00:00,usd_mxn,17.68,17.7,0.113
2024-07-17 21:34:08+00:00,usd_mxn,17.68,17.7,0.113
2024-07-17 21:34:09+00:00,usd_mxn,17.68,17.7,0.113
2024-07-17 21:34:10+00:00,usd_mxn,17.68,17.7,0.113
2024-07-17 21:34:11+00:00,usd_mxn,17.68,17.7,0.113
2024-07-17 21:34:12+00:00,usd_mxn,17.68,17.7,0.113
2024-07-17 21:34:13+00:00,usd_mxn,17.68,17.7,0.113
2024-07-17 21:34:14+00:00,usd_mxn,17.68,17.7,0.113
2024-07-17 21:34:15+00:00,usd_mxn,17.68,17.7,0.113
2024-07-17 21:34:16+00:00,usd_mxn,17.68,17.7,0.113
2024-07-17 21:34:17+00:00,usd_mxn,17.68,17.7,0.113
2024-07-17 21:34:18+00:00,usd_mxn,17.68,17.7,0.113
2024-07-17 21:34:19+00:00,usd_mxn,17.68,17.7,0.113
2024-07-17 21:34:20+00:00,usd_mxn,17.68,17.7,0.113
2024-07-17 21:34:21+00:00,usd_mxn,17.68,17.7,0.113
2024-07-17 21:34:22+00:00,usd_mxn,17.68,17.7,0.113
2024-07-17 21:34:23+00:00,usd_mxn,17.68,17.7,0.113
2024-07-17 21:34:24+00:00,usd_mxn,17.68,17.7,0.113
2024-07-17 21:34:25+00:00,usd_mxn,17.68,17.7,0.113
2024-07-17 21:34:26+00:00,usd_mxn,17.68,17.7,0.113
2024-07-17 21:34:27+00:00,usd_mxn,17.68,17.7,0.113
2024-07-17 21:34:28+00:00,usd_mxn,17.68,17.7,0.113
2024-07-17 21:34:29+00:00,usd_mxn,17.68,17.7,0.113
2024-07-17 21:34:30+00:00,usd_mxn,17.68,17.7,0.113
2024-07-17 21:34:31+00:00,usd_mxn,17.68,17.7,0.113
2024-07-17 21:34:32+00:00,usd_mxn,17.68,17.7,0.113
2024-07-17 21:34:33+00:00,usd_mxn,17.68,17.7,0.113
2024-07-17 21:34:34+00:00,usd_mxn,17.68,17.7,0.113
2024-07-17 21:34:35+00:00,usd_mxn,17.68,17.7,0.113
2024-07-17 21:34:36+00:00,usd_mxn,17.68,17.7,0.113
2024-07-17 21:34:37+00:00,usd_mxn,17.68,17.7,0.113
2024-07-17 21:34:38+00:00,usd_mxn,17.68,17.7,0.113
2024-07-17 21:34:39+00:00,usd_mxn,17.68,17.7,0.113
2024-07-17 21:34:40+00:00,usd_mxn,17.68,17.7,0.113
2024-07-17 21:34:41+00:00,usd_mxn,17.68,17.7,0.113
2024-07-17 21:34:42+00:00,usd_mxn,17.68,17.7,0.113
2024-07-17 21:34:43+00:00,usd_mxn,17.68,17.7,0.113
2024-07-17 21:34:44+00:00,usd_mxn,17.68,17.7,0.113
2024-07-17 21:34:45+00:00,usd_mxn,17.68,17.7,0.113
2024-07-17 21:34:46+00:00,usd_mxn,17.68,17.7,0.113
2024-07-17 21:34:47+00:00,usd_mxn,17.68,17.7,0.113
2024-07-17 21:34:48+00:00,usd_mxn,17.68,17.7,0.113
2024-07-17 21:34:49+00:00,usd_mxn,17.68,17.7,0.113
2024-07-17 21:34:50+00:00,usd_mxn,17.68,17.7,0.113
2024-07-17 21:34:51+00:00,usd_mxn,17.68,17.7,0.113
2024-07-17 21:34:52+00:00,usd_mxn,17.68,17.7,0.113
