orderbook_timestamp,book,bid,ask,spread
2024-07-17 19:59:44+00:00,btc_mxn,1142720.0,1143800.0,0.094
2024-07-17 19:59:45+00:00,btc_mxn,1142720.0,1143800.0,0.094
2024-07-17 19:59:46+00:00,btc_mxn,1142720.0,1143800.0,0.094
2024-07-17 19:59:47+00:00,btc_mxn,1142720.0,1143700.0,0.086
2024-07-17 19:59:48+00:00,btc_mxn,1142720.0,1143700.0,0.086
2024-07-17 19:59:49+00:00,btc_mxn,1142720.0,1143590.0,0.076
2024-07-17 19:59:50+00:00,btc_mxn,1142720.0,1143590.0,0.076
2024-07-17 19:59:51+00:00,btc_mxn,1142720.0,1143590.0,0.076
2024-07-17 19:59:52+00:00,btc_mxn,1142720.0,1143590.0,0.076
2024-07-17 19:59:53+00:00,btc_mxn,1142720.0,1143590.0,0.076
2024-07-17 19:59:54+00:00,btc_mxn,1142720.0,1143590.0,0.076
2024-07-17 19:59:55+00:00,btc_mxn,1142720.0,1143590.0,0.076
2024-07-17 19:59:56+00:00,btc_mxn,1142720.0,1143590.0,0.076
2024-07-17 19:59:57+00:00,btc_mxn,1142720.0,1143590.0,0.076
2024-07-17 19:59:58+00:00,btc_mxn,1142720.0,1143590.0,0.076
2024-07-17 19:59:59+00:00,btc_mxn,1142720.0,1143590.0,0.076
2024-07-17 20:00:00+00:00,btc_mxn,1142720.0,1143590.0,0.076
2024-07-17 20:00:01+00:00,btc_mxn,1142720.0,1143590.0,0.076
2024-07-17 20:00:02+00:00,btc_mxn,1142720.0,1143590.0,0.076
2024-07-17 20:00:03+00:00,btc_mxn,1142720.0,1143270.0,0.048
2024-07-17 20:00:04+00:00,btc_mxn,1142720.0,1143590.0,0.076
2024-07-17 20:00:05+00:00,btc_mxn,1142720.0,1143590.0,0.076
2024-07-17 20:00:06+00:00,btc_mxn,1142720.0,1143590.0,0.076
2024-07-17 20:00:07+00:00,btc_mxn,1142720.0,1143590.0,0.076
2024-07-17 20:00:09+00:00,btc_mxn,1142210.0,1143590.0,0.121
2024-07-17 20:00:10+00:00,btc_mxn,1142210.0,1143590.0,0.121
2024-07-17 20:00:11+00:00,btc_mxn,1142210.0,1143590.0,0.121
2024-07-17 20:00:12+00:00,btc_mxn,1142210.0,1143590.0,0.121
2024-07-17 20:00:13+00:00,btc_mxn,1142210.0,1143590.0,0.121
2024-07-17 20:00:14+00:00,btc_mxn,1142210.0,1143590.0,0.121
2024-07-17 20:00:15+00:00,btc_mxn,1142210.0,1143590.0,0.121
2024-07-17 20:00:16+00:00,btc_mxn,1142210.0,1143590.0,0.121
2024-07-17 20:00:17+00:00,btc_mxn,1142210.0,1143590.0,0.121
2024-07-17 20:00:18+00:00,btc_mxn,1142210.0,1143590.0,0.121
2024-07-17 20:00:19+00:00,btc_mxn,1142210.0,1143590.0,0.121
2024-07-17 20:00:20+00:00,btc_mxn,1142210.0,1143590.0,0.121
2024-07-17 20:00:21+00:00,btc_mxn,1142210.0,1143590.0,0.121
2024-07-17 20:00:22+00:00,btc_mxn,1142210.0,1143590.0,0.121
2024-07-17 20:00:23+00:00,btc_mxn,1142210.0,1143590.0,0.121
2024-07-17 20:00:24+00:00,btc_mxn,1142210.0,1143590.0,0.121
2024-07-17 20:00:25+00:00,btc_mxn,1142210.0,1143590.0,0.121
2024-07-17 20:00:26+00:00,btc_mxn,1142210.0,1143590.0,0.121
2024-07-17 20:00:27+00:00,btc_mxn,1142210.0,1143590.0,0.121
2024-07-17 20:00:28+00:00,btc_mxn,1142210.0,1143590.0,0.121
2024-07-17 20:00:29+00:00,btc_mxn,1142210.0,1143590.0,0.121
2024-07-17 20:00:30+00:00,btc_mxn,1142210.0,1143590.0,0.121
2024-07-17 20:00:31+00:00,btc_mxn,1142210.0,1143590.0,0.121
2024-07-17 20:00:32+00:00,btc_mxn,1142210.0,1143590.0,0.121
2024-07-17 20:00:33+00:00,btc_mxn,1142210.0,1143590.0,0.121
2024-07-17 20:00:34+00:00,btc_mxn,1142210.0,1143590.0,0.121
2024-07-17 20:00:35+00:00,btc_mxn,1142210.0,1143590.0,0.121
2024-07-17 20:00:36+00:00,btc_mxn,1142210.0,1143590.0,0.121
2024-07-17 20:00:37+00:00,btc_mxn,1142210.0,1143590.0,0.121
2024-07-17 20:00:38+00:00,btc_mxn,1142210.0,1143590.0,0.121
2024-07-17 20:00:39+00:00,btc_mxn,1142210.0,1143590.0,0.121
2024-07-17 20:00:41+00:00,btc_mxn,1142210.0,1143590.0,0.121
2024-07-17 20:00:42+00:00,btc_mxn,1142210.0,1143590.0,0.121
2024-07-17 20:00:43+00:00,btc_mxn,1142210.0,1143590.0,0.121
2024-07-17 20:00:44+00:00,btc_mxn,1141189.98,1141190.02,0.0
2024-07-17 20:00:45+00:00,btc_mxn,1141189.98,1141190.02,0.0
2024-07-17 20:00:46+00:00,btc_mxn,1141189.98,1141190.02,0.0
2024-07-17 20:00:47+00:00,btc_mxn,1141189.98,1141190.02,0.0
2024-07-17 20:00:48+00:00,btc_mxn,1141189.98,1141190.02,0.0
2024-07-17 20:00:49+00:00,btc_mxn,1141189.98,1141190.02,0.0
2024-07-17 20:00:50+00:00,btc_mxn,1141189.98,1141190.02,0.0
2024-07-17 20:00:51+00:00,btc_mxn,1141189.98,1141190.02,0.0
2024-07-17 20:00:52+00:00,btc_mxn,1141189.98,1141190.02,0.0
2024-07-17 20:00:53+00:00,btc_mxn,1141189.98,1141190.02,0.0
2024-07-17 20:00:54+00:00,btc_mxn,1141189.98,1141190.02,0.0
2024-07-17 20:00:55+00:00,btc_mxn,1141189.98,1141190.02,0.0
2024-07-17 20:00:56+00:00,btc_mxn,1141189.98,1141190.02,0.0
2024-07-17 20:00:57+00:00,btc_mxn,1141189.98,1141190.02,0.0
2024-07-17 20:00:58+00:00,btc_mxn,1141189.98,1141190.02,0.0
2024-07-17 20:00:59+00:00,btc_mxn,1141189.98,1141190.02,0.0
2024-07-17 20:01:00+00:00,btc_mxn,1141189.98,1141190.02,0.0
2024-07-17 20:01:01+00:00,btc_mxn,1141189.98,1141190.02,0.0
2024-07-17 20:01:02+00:00,btc_mxn,1141189.98,1141190.02,0.0
2024-07-17 20:01:03+00:00,btc_mxn,1141189.98,1141190.02,0.0
2024-07-17 20:01:04+00:00,btc_mxn,1141189.98,1141190.02,0.0
2024-07-17 20:01:05+00:00,btc_mxn,1141189.98,1141190.02,0.0
2024-07-17 20:01:06+00:00,btc_mxn,1141189.98,1141190.02,0.0
2024-07-17 20:01:07+00:00,btc_mxn,1141189.98,1141190.02,0.0
2024-07-17 20:01:08+00:00,btc_mxn,1141189.98,1141190.02,0.0
2024-07-17 20:01:10+00:00,btc_mxn,1141189.98,1141190.02,0.0
2024-07-17 20:01:11+00:00,btc_mxn,1141189.98,1141190.02,0.0
2024-07-17 20:01:12+00:00,btc_mxn,1141189.98,1141190.02,0.0
2024-07-17 20:01:12+00:00,btc_mxn,1141189.98,1141190.02,0.0
2024-07-17 20:01:13+00:00,btc_mxn,1141189.98,1141190.02,0.0
2024-07-17 20:01:14+00:00,btc_mxn,1141189.98,1141190.02,0.0
2024-07-17 20:01:15+00:00,btc_mxn,1141189.98,1141190.02,0.0
2024-07-17 20:01:16+00:00,btc_mxn,1141189.98,1141190.02,0.0
2024-07-17 20:01:17+00:00,btc_mxn,1141189.98,1141190.02,0.0
2024-07-17 20:01:18+00:00,btc_mxn,1141189.98,1141190.02,0.0
2024-07-17 20:01:19+00:00,btc_mxn,1141189.98,1141190.02,0.0
2024-07-17 20:01:20+00:00,btc_mxn,1141189.98,1141190.02,0.0
2024-07-17 20:01:21+00:00,btc_mxn,1141189.98,1141190.02,0.0
2024-07-17 20:01:22+00:00,btc_mxn,1141189.98,1141190.02,0.0
2024-07-17 20:01:23+00:00,btc_mxn,1141189.98,1141190.02,0.0
2024-07-17 20:01:24+00:00,btc_mxn,1141189.98,1141190.02,0.0
2024-07-17 20:01:25+00:00,btc_mxn,1141189.98,1141190.02,0.0
2024-07-17 20:01:26+00:00,btc_mxn,1141189.98,1141190.02,0.0
2024-07-17 20:01:27+00:00,btc_mxn,1141189.98,1141190.02,0.0
2024-07-17 20:01:28+00:00,btc_mxn,1141189.98,1141190.02,0.0
2024-07-17 20:01:29+00:00,btc_mxn,1141189.98,1141190.02,0.0
2024-07-17 20:01:30+00:00,btc_mxn,1141189.98,1141190.02,0.0
2024-07-17 20:01:31+00:00,btc_mxn,1141189.98,1141190.02,0.0
2024-07-17 20:01:32+00:00,btc_mxn,1141189.98,1141190.02,0.0
2024-07-17 20:01:33+00:00,btc_mxn,1141189.98,1141190.02,0.0
2024-07-17 20:01:34+00:00,btc_mxn,1141189.98,1141190.02,0.0
2024-07-17 20:01:35+00:00,btc_mxn,1141189.98,1141190.02,0.0
2024-07-17 20:01:36+00:00,btc_mxn,1141189.98,1141190.02,0.0
2024-07-17 20:01:37+00:00,btc_mxn,1141189.98,1141190.02,0.0
2024-07-17 20:01:38+00:00,btc_mxn,1141189.98,1141190.02,0.0
2024-07-17 20:01:39+00:00,btc_mxn,1141189.98,1141190.02,0.0
2024-07-17 20:01:40+00:00,btc_mxn,1141189.98,1141190.02,0.0
2024-07-17 20:01:41+00:00,btc_mxn,1141189.98,1141190.02,0.0
2024-07-17 20:01:42+00:00,btc_mxn,1141189.98,1141190.02,0.0
2024-07-17 20:01:43+00:00,btc_mxn,1141189.98,1141190.02,0.0
2024-07-17 20:01:44+00:00,btc_mxn,1141189.98,1141190.02,0.0
2024-07-17 20:01:45+00:00,btc_mxn,1141189.98,1141190.02,0.0
2024-07-17 20:01:47+00:00,btc_mxn,1141189.98,1141190.02,0.0
2024-07-17 20:01:48+00:00,btc_mxn,1141189.98,1141190.02,0.0
2024-07-17 20:01:49+00:00,btc_mxn,1141189.98,1141190.02,0.0
2024-07-17 20:01:50+00:00,btc_mxn,1141189.98,1141190.02,0.0
2024-07-17 20:01:51+00:00,btc_mxn,1141189.98,1141190.02,0.0
2024-07-17 20:01:52+00:00,btc_mxn,1141189.98,1141190.02,0.0
2024-07-17 20:01:53+00:00,btc_mxn,1141189.98,1141190.02,0.0
2024-07-17 20:01:54+00:00,btc_mxn,1141189.98,1141190.02,0.0
2024-07-17 20:01:55+00:00,btc_mxn,1141189.98,1141190.02,0.0
2024-07-17 20:01:56+00:00,btc_mxn,1141189.98,1141190.02,0.0
2024-07-17 20:01:57+00:00,btc_mxn,1141189.98,1141190.02,0.0
2024-07-17 20:01:58+00:00,btc_mxn,1141189.98,1141190.02,0.0
2024-07-17 20:01:59+00:00,btc_mxn,1141189.98,1141190.02,0.0
2024-07-17 20:02:00+00:00,btc_mxn,1141189.98,1141190.02,0.0
2024-07-17 20:02:01+00:00,btc_mxn,1141189.98,1141190.02,0.0
2024-07-17 20:02:02+00:00,btc_mxn,1141189.98,1141190.02,0.0
2024-07-17 20:02:03+00:00,btc_mxn,1141189.98,1141190.02,0.0
2024-07-17 20:02:04+00:00,btc_mxn,1141189.98,1141190.02,0.0
2024-07-17 20:02:05+00:00,btc_mxn,1141189.98,1141190.02,0.0
2024-07-17 20:02:06+00:00,btc_mxn,1141189.98,1141190.02,0.0
2024-07-17 20:02:07+00:00,btc_mxn,1141189.98,1141190.02,0.0
2024-07-17 20:02:08+00:00,btc_mxn,1141189.98,1141190.02,0.0
2024-07-17 20:02:09+00:00,btc_mxn,1141189.98,1141190.02,0.0
2024-07-17 20:02:10+00:00,btc_mxn,1141189.98,1141190.02,0.0
2024-07-17 20:02:11+00:00,btc_mxn,1141189.98,1141190.02,0.0
2024-07-17 20:02:12+00:00,btc_mxn,1141189.98,1141190.02,0.0
2024-07-17 20:02:13+00:00,btc_mxn,1141189.98,1141190.02,0.0
2024-07-17 20:02:14+00:00,btc_mxn,1141189.98,1141190.02,0.0
2024-07-17 20:02:15+00:00,btc_mxn,1141189.98,1141190.02,0.0
2024-07-17 20:02:16+00:00,btc_mxn,1141189.98,1141190.02,0.0
2024-07-17 20:02:17+00:00,btc_mxn,1141189.98,1141190.02,0.0
2024-07-17 20:02:18+00:00,btc_mxn,1141189.98,1141190.02,0.0
2024-07-17 20:02:19+00:00,btc_mxn,1141189.98,1141190.02,0.0
2024-07-17 20:02:21+00:00,btc_mxn,1141189.98,1141190.02,0.0
2024-07-17 20:02:22+00:00,btc_mxn,1141189.98,1141190.02,0.0
2024-07-17 20:02:23+00:00,btc_mxn,1141189.98,1141190.02,0.0
2024-07-17 20:02:24+00:00,btc_mxn,1141189.98,1141190.02,0.0
2024-07-17 20:02:25+00:00,btc_mxn,1141189.98,1141190.02,0.0
2024-07-17 20:02:26+00:00,btc_mxn,1141189.98,1141190.02,0.0
2024-07-17 20:02:27+00:00,btc_mxn,1141189.98,1141190.02,0.0
2024-07-17 20:02:28+00:00,btc_mxn,1141189.98,1141190.02,0.0
2024-07-17 20:02:29+00:00,btc_mxn,1141189.98,1141190.02,0.0
2024-07-17 20:02:30+00:00,btc_mxn,1141189.98,1141190.02,0.0
2024-07-17 20:02:31+00:00,btc_mxn,1141189.98,1141190.02,0.0
2024-07-17 20:02:32+00:00,btc_mxn,1141189.98,1141190.02,0.0
2024-07-17 20:02:33+00:00,btc_mxn,1141189.98,1141190.02,0.0
2024-07-17 20:02:34+00:00,btc_mxn,1141189.98,1141190.02,0.0
2024-07-17 20:02:35+00:00,btc_mxn,1141189.98,1141190.02,0.0
2024-07-17 20:02:36+00:00,btc_mxn,1141189.98,1141190.02,0.0
2024-07-17 20:02:37+00:00,btc_mxn,1141189.98,1141190.02,0.0
2024-07-17 20:02:38+00:00,btc_mxn,1141189.98,1141190.02,0.0
2024-07-17 20:02:39+00:00,btc_mxn,1141189.98,1141190.02,0.0
2024-07-17 20:02:40+00:00,btc_mxn,1141189.98,1141190.02,0.0
2024-07-17 20:02:41+00:00,btc_mxn,1141189.98,1141190.02,0.0
2024-07-17 20:02:42+00:00,btc_mxn,1141189.98,1141190.02,0.0
2024-07-17 20:02:43+00:00,btc_mxn,1141189.98,1141190.02,0.0
2024-07-17 20:02:44+00:00,btc_mxn,1141189.98,1141190.02,0.0
2024-07-17 20:02:45+00:00,btc_mxn,1141189.98,1141190.02,0.0
2024-07-17 20:02:46+00:00,btc_mxn,1141189.98,1141190.02,0.0
2024-07-17 20:02:47+00:00,btc_mxn,1141189.98,1141190.02,0.0
2024-07-17 20:02:48+00:00,btc_mxn,1141189.98,1141190.02,0.0
2024-07-17 20:02:49+00:00,btc_mxn,1141189.98,1141190.02,0.0
2024-07-17 20:02:50+00:00,btc_mxn,1141189.98,1141190.02,0.0
2024-07-17 20:02:51+00:00,btc_mxn,1141189.98,1141190.02,0.0
2024-07-17 20:02:52+00:00,btc_mxn,1141189.98,1141190.02,0.0
2024-07-17 20:02:53+00:00,btc_mxn,1141189.98,1141190.02,0.0
2024-07-17 20:02:54+00:00,btc_mxn,1141189.98,1141190.02,0.0
2024-07-17 20:02:55+00:00,btc_mxn,1141189.98,1141190.02,0.0
2024-07-17 20:02:56+00:00,btc_mxn,1141189.98,1141190.02,0.0
2024-07-17 20:02:57+00:00,btc_mxn,1141189.98,1141190.02,0.0
2024-07-17 20:02:58+00:00,btc_mxn,1141189.98,1141190.02,0.0
2024-07-17 20:02:59+00:00,btc_mxn,1141189.98,1141190.02,0.0
2024-07-17 20:03:00+00:00,btc_mxn,1141189.98,1141190.02,0.0
2024-07-17 20:03:01+00:00,btc_mxn,1141189.98,1141190.02,0.0
2024-07-17 20:03:03+00:00,btc_mxn,1141189.98,1141190.02,0.0
2024-07-17 20:03:04+00:00,btc_mxn,1141189.98,1141190.02,0.0
2024-07-17 20:03:05+00:00,btc_mxn,1141189.98,1141190.02,0.0
2024-07-17 20:03:06+00:00,btc_mxn,1141189.98,1141190.02,0.0
2024-07-17 20:03:07+00:00,btc_mxn,1141189.98,1141190.02,0.0
2024-07-17 20:03:08+00:00,btc_mxn,1141189.98,1141190.02,0.0
2024-07-17 20:03:09+00:00,btc_mxn,1141189.98,1141190.02,0.0
2024-07-17 20:03:10+00:00,btc_mxn,1141189.98,1141190.02,0.0
2024-07-17 20:03:11+00:00,btc_mxn,1141189.98,1141190.02,0.0
2024-07-17 20:03:12+00:00,btc_mxn,1141189.98,1141190.02,0.0
2024-07-17 20:03:13+00:00,btc_mxn,1141189.98,1141190.02,0.0
2024-07-17 20:03:14+00:00,btc_mxn,1141189.98,1141190.02,0.0
2024-07-17 20:03:15+00:00,btc_mxn,1141189.98,1141190.02,0.0
2024-07-17 20:03:16+00:00,btc_mxn,1141189.98,1141190.02,0.0
2024-07-17 20:03:17+00:00,btc_mxn,1141189.98,1141190.02,0.0
2024-07-17 20:03:18+00:00,btc_mxn,1141189.98,1141190.02,0.0
2024-07-17 20:03:19+00:00,btc_mxn,1141189.98,1141190.02,0.0
2024-07-17 20:03:21+00:00,btc_mxn,1141189.98,1141190.02,0.0
2024-07-17 20:03:22+00:00,btc_mxn,1141189.98,1141190.02,0.0
2024-07-17 20:03:23+00:00,btc_mxn,1141189.98,1141190.02,0.0
2024-07-17 20:03:24+00:00,btc_mxn,1141189.98,1141190.02,0.0
2024-07-17 20:03:25+00:00,btc_mxn,1141189.98,1141190.02,0.0
2024-07-17 20:03:26+00:00,btc_mxn,1141189.98,1141190.02,0.0
2024-07-17 20:03:27+00:00,btc_mxn,1141189.98,1141190.02,0.0
2024-07-17 20:03:28+00:00,btc_mxn,1141189.98,1141190.02,0.0
2024-07-17 20:03:29+00:00,btc_mxn,1141189.98,1141190.02,0.0
2024-07-17 20:03:30+00:00,btc_mxn,1141189.98,1141190.02,0.0
2024-07-17 20:03:31+00:00,btc_mxn,1141189.98,1141190.02,0.0
2024-07-17 20:03:32+00:00,btc_mxn,1141189.98,1141190.02,0.0
2024-07-17 20:03:33+00:00,btc_mxn,1141189.98,1141190.02,0.0
2024-07-17 20:03:34+00:00,btc_mxn,1141189.98,1141190.02,0.0
2024-07-17 20:03:35+00:00,btc_mxn,1141189.98,1141190.02,0.0
2024-07-17 20:03:36+00:00,btc_mxn,1141189.98,1141190.02,0.0
2024-07-17 20:03:37+00:00,btc_mxn,1141189.98,1141190.02,0.0
2024-07-17 20:03:39+00:00,btc_mxn,1141189.98,1141190.02,0.0
2024-07-17 20:03:40+00:00,btc_mxn,1141189.98,1141190.02,0.0
2024-07-17 20:03:41+00:00,btc_mxn,1141189.98,1141190.02,0.0
2024-07-17 20:03:42+00:00,btc_mxn,1141400.0,1143150.0,0.153
2024-07-17 20:03:43+00:00,btc_mxn,1141410.0,1143150.0,0.152
2024-07-17 20:03:44+00:00,btc_mxn,1141189.98,1143150.0,0.171
2024-07-17 20:03:45+00:00,btc_mxn,1141430.0,1143150.0,0.15
2024-07-17 20:03:46+00:00,btc_mxn,1141890.0,1143150.0,0.11
2024-07-17 20:03:47+00:00,btc_mxn,1141890.0,1143150.0,0.11
2024-07-17 20:03:48+00:00,btc_mxn,1141890.0,1143150.0,0.11
2024-07-17 20:03:49+00:00,btc_mxn,1141890.0,1143150.0,0.11
2024-07-17 20:03:50+00:00,btc_mxn,1141890.0,1143150.0,0.11
2024-07-17 20:03:51+00:00,btc_mxn,1141890.0,1143150.0,0.11
2024-07-17 20:03:52+00:00,btc_mxn,1141890.0,1143150.0,0.11
2024-07-17 20:03:53+00:00,btc_mxn,1141890.0,1143150.0,0.11
2024-07-17 20:03:54+00:00,btc_mxn,1141890.0,1143150.0,0.11
2024-07-17 20:03:55+00:00,btc_mxn,1141890.0,1143150.0,0.11
2024-07-17 20:03:56+00:00,btc_mxn,1141890.0,1143150.0,0.11
2024-07-17 20:03:57+00:00,btc_mxn,1141890.0,1143150.0,0.11
2024-07-17 20:03:58+00:00,btc_mxn,1141890.0,1143150.0,0.11
2024-07-17 20:03:59+00:00,btc_mxn,1141890.0,1143150.0,0.11
2024-07-17 20:04:00+00:00,btc_mxn,1141890.0,1143150.0,0.11
2024-07-17 20:04:01+00:00,btc_mxn,1141890.0,1143150.0,0.11
2024-07-17 20:04:02+00:00,btc_mxn,1141890.0,1143150.0,0.11
2024-07-17 20:04:03+00:00,btc_mxn,1141890.0,1143150.0,0.11
2024-07-17 20:04:04+00:00,btc_mxn,1141890.0,1143150.0,0.11
2024-07-17 20:04:05+00:00,btc_mxn,1141890.0,1143150.0,0.11
2024-07-17 20:04:06+00:00,btc_mxn,1141890.0,1143150.0,0.11
2024-07-17 20:04:07+00:00,btc_mxn,1141890.0,1143150.0,0.11
2024-07-17 20:04:08+00:00,btc_mxn,1141890.0,1143150.0,0.11
2024-07-17 20:04:09+00:00,btc_mxn,1141890.0,1143150.0,0.11
2024-07-17 20:04:10+00:00,btc_mxn,1141890.0,1143150.0,0.11
2024-07-17 20:04:11+00:00,btc_mxn,1141890.0,1143150.0,0.11
2024-07-17 20:04:12+00:00,btc_mxn,1141890.0,1143150.0,0.11
2024-07-17 20:04:13+00:00,btc_mxn,1141890.0,1143150.0,0.11
2024-07-17 20:04:14+00:00,btc_mxn,1141890.0,1143150.0,0.11
2024-07-17 20:04:15+00:00,btc_mxn,1141890.0,1143150.0,0.11
2024-07-17 20:04:16+00:00,btc_mxn,1141890.0,1143150.0,0.11
2024-07-17 20:04:17+00:00,btc_mxn,1141890.0,1143150.0,0.11
2024-07-17 20:04:18+00:00,btc_mxn,1141890.0,1143150.0,0.11
2024-07-17 20:04:19+00:00,btc_mxn,1141890.0,1143150.0,0.11
2024-07-17 20:04:20+00:00,btc_mxn,1141890.0,1143150.0,0.11
2024-07-17 20:04:22+00:00,btc_mxn,1141890.0,1143150.0,0.11
2024-07-17 20:04:23+00:00,btc_mxn,1141890.0,1143150.0,0.11
2024-07-17 20:04:24+00:00,btc_mxn,1141890.0,1143150.0,0.11
2024-07-17 20:04:25+00:00,btc_mxn,1141890.0,1143150.0,0.11
2024-07-17 20:04:26+00:00,btc_mxn,1141890.0,1143150.0,0.11
2024-07-17 20:04:27+00:00,btc_mxn,1141890.0,1143150.0,0.11
2024-07-17 20:04:28+00:00,btc_mxn,1141890.0,1143150.0,0.11
2024-07-17 20:04:29+00:00,btc_mxn,1141890.0,1143150.0,0.11
2024-07-17 20:04:30+00:00,btc_mxn,1141890.0,1143150.0,0.11
2024-07-17 20:04:31+00:00,btc_mxn,1141890.0,1143150.0,0.11
2024-07-17 20:04:32+00:00,btc_mxn,1141890.0,1143150.0,0.11
2024-07-17 20:04:33+00:00,btc_mxn,1141890.0,1143150.0,0.11
2024-07-17 20:04:34+00:00,btc_mxn,1141890.0,1143150.0,0.11
2024-07-17 20:04:35+00:00,btc_mxn,1141890.0,1143150.0,0.11
2024-07-17 20:04:36+00:00,btc_mxn,1141890.0,1143150.0,0.11
2024-07-17 20:04:37+00:00,btc_mxn,1141890.0,1143150.0,0.11
2024-07-17 20:04:38+00:00,btc_mxn,1141890.0,1143150.0,0.11
2024-07-17 20:04:39+00:00,btc_mxn,1141890.0,1143150.0,0.11
2024-07-17 20:04:40+00:00,btc_mxn,1141890.0,1143150.0,0.11
2024-07-17 20:04:41+00:00,btc_mxn,1141890.0,1143150.0,0.11
2024-07-17 20:04:42+00:00,btc_mxn,1141189.98,1143150.0,0.171
2024-07-17 20:04:43+00:00,btc_mxn,1142020.0,1143150.0,0.099
2024-07-17 20:04:44+00:00,btc_mxn,1141189.98,1143150.0,0.171
2024-07-17 20:04:45+00:00,btc_mxn,1141189.98,1143150.0,0.171
2024-07-17 20:04:46+00:00,btc_mxn,1141189.98,1143150.0,0.171
2024-07-17 20:04:47+00:00,btc_mxn,1141189.98,1143150.0,0.171
2024-07-17 20:04:48+00:00,btc_mxn,1141189.98,1143150.0,0.171
2024-07-17 20:04:49+00:00,btc_mxn,1141189.98,1143150.0,0.171
2024-07-17 20:04:50+00:00,btc_mxn,1141189.98,1143150.0,0.171
2024-07-17 20:04:51+00:00,btc_mxn,1141189.98,1143150.0,0.171
2024-07-17 20:04:52+00:00,btc_mxn,1141189.98,1143150.0,0.171
2024-07-17 20:04:53+00:00,btc_mxn,1141189.98,1143150.0,0.171
2024-07-17 20:04:54+00:00,btc_mxn,1141189.98,1143150.0,0.171
2024-07-17 20:04:55+00:00,btc_mxn,1141189.98,1143150.0,0.171
2024-07-17 20:04:56+00:00,btc_mxn,1141189.98,1143150.0,0.171
2024-07-17 20:04:57+00:00,btc_mxn,1141189.98,1143150.0,0.171
2024-07-17 20:04:58+00:00,btc_mxn,1141189.98,1143150.0,0.171
2024-07-17 20:04:59+00:00,btc_mxn,1141189.98,1143150.0,0.171
2024-07-17 20:05:00+00:00,btc_mxn,1141189.98,1143150.0,0.171
2024-07-17 20:05:01+00:00,btc_mxn,1141189.98,1143150.0,0.171
2024-07-17 20:05:02+00:00,btc_mxn,1141189.98,1143170.0,0.173
2024-07-17 20:05:03+00:00,btc_mxn,1141189.98,1143170.0,0.173
2024-07-17 20:05:04+00:00,btc_mxn,1141189.98,1143170.0,0.173
2024-07-17 20:05:05+00:00,btc_mxn,1141189.98,1143170.0,0.173
2024-07-17 20:05:06+00:00,btc_mxn,1141189.98,1143170.0,0.173
2024-07-17 20:05:07+00:00,btc_mxn,1141189.98,1143170.0,0.173
2024-07-17 20:05:08+00:00,btc_mxn,1141189.98,1143170.0,0.173
2024-07-17 20:05:09+00:00,btc_mxn,1141189.98,1143170.0,0.173
2024-07-17 20:05:10+00:00,btc_mxn,1141189.98,1143170.0,0.173
2024-07-17 20:05:11+00:00,btc_mxn,1141189.98,1143170.0,0.173
2024-07-17 20:05:12+00:00,btc_mxn,1141189.98,1143170.0,0.173
2024-07-17 20:05:13+00:00,btc_mxn,1142120.0,1143170.0,0.092
2024-07-17 20:05:14+00:00,btc_mxn,1142120.0,1143170.0,0.092
2024-07-17 20:05:15+00:00,btc_mxn,1142120.0,1143170.0,0.092
2024-07-17 20:05:16+00:00,btc_mxn,1142120.0,1143170.0,0.092
2024-07-17 20:05:17+00:00,btc_mxn,1142120.0,1143170.0,0.092
2024-07-17 20:05:18+00:00,btc_mxn,1142120.0,1143170.0,0.092
2024-07-17 20:05:19+00:00,btc_mxn,1142120.0,1143170.0,0.092
2024-07-17 20:05:20+00:00,btc_mxn,1142120.0,1143170.0,0.092
2024-07-17 20:05:21+00:00,btc_mxn,1142120.0,1143170.0,0.092
2024-07-17 20:05:22+00:00,btc_mxn,1142120.0,1143170.0,0.092
2024-07-17 20:05:23+00:00,btc_mxn,1142120.0,1143170.0,0.092
2024-07-17 20:05:25+00:00,btc_mxn,1142120.0,1143170.0,0.092
2024-07-17 20:05:26+00:00,btc_mxn,1142120.0,1143170.0,0.092
2024-07-17 20:05:27+00:00,btc_mxn,1142120.0,1143170.0,0.092
2024-07-17 20:05:28+00:00,btc_mxn,1142120.0,1143170.0,0.092
2024-07-17 20:05:29+00:00,btc_mxn,1142120.0,1143170.0,0.092
2024-07-17 20:05:30+00:00,btc_mxn,1142120.0,1143170.0,0.092
2024-07-17 20:05:31+00:00,btc_mxn,1142120.0,1143170.0,0.092
2024-07-17 20:05:32+00:00,btc_mxn,1142120.0,1143170.0,0.092
2024-07-17 20:05:33+00:00,btc_mxn,1142120.0,1143170.0,0.092
2024-07-17 20:05:34+00:00,btc_mxn,1142120.0,1143170.0,0.092
2024-07-17 20:05:35+00:00,btc_mxn,1142120.0,1143170.0,0.092
2024-07-17 20:05:36+00:00,btc_mxn,1142120.0,1143170.0,0.092
2024-07-17 20:05:37+00:00,btc_mxn,1142120.0,1143170.0,0.092
2024-07-17 20:05:38+00:00,btc_mxn,1142120.0,1143170.0,0.092
2024-07-17 20:05:39+00:00,btc_mxn,1142120.0,1143170.0,0.092
2024-07-17 20:05:40+00:00,btc_mxn,1142120.0,1143170.0,0.092
2024-07-17 20:05:41+00:00,btc_mxn,1142120.0,1143170.0,0.092
2024-07-17 20:05:42+00:00,btc_mxn,1142120.0,1143170.0,0.092
2024-07-17 20:05:43+00:00,btc_mxn,1142120.0,1143170.0,0.092
2024-07-17 20:05:44+00:00,btc_mxn,1142149.98,1142150.02,0.0
2024-07-17 20:05:45+00:00,btc_mxn,1142149.98,1142150.02,0.0
2024-07-17 20:05:46+00:00,btc_mxn,1142149.98,1142150.02,0.0
2024-07-17 20:05:47+00:00,btc_mxn,1142149.98,1142150.02,0.0
2024-07-17 20:05:48+00:00,btc_mxn,1142149.98,1142150.02,0.0
2024-07-17 20:05:49+00:00,btc_mxn,1142149.98,1142150.02,0.0
2024-07-17 20:05:50+00:00,btc_mxn,1142149.98,1142150.02,0.0
2024-07-17 20:05:51+00:00,btc_mxn,1142149.98,1142150.02,0.0
2024-07-17 20:05:52+00:00,btc_mxn,1142149.98,1142150.02,0.0
2024-07-17 20:05:53+00:00,btc_mxn,1142149.98,1142150.02,0.0
2024-07-17 20:05:54+00:00,btc_mxn,1142149.98,1142150.02,0.0
2024-07-17 20:05:55+00:00,btc_mxn,1142149.98,1142150.02,0.0
2024-07-17 20:05:56+00:00,btc_mxn,1142149.98,1142150.02,0.0
2024-07-17 20:05:57+00:00,btc_mxn,1142149.98,1142150.02,0.0
2024-07-17 20:05:58+00:00,btc_mxn,1142149.98,1142150.02,0.0
2024-07-17 20:05:59+00:00,btc_mxn,1142149.98,1142150.02,0.0
2024-07-17 20:06:00+00:00,btc_mxn,1142149.98,1142150.02,0.0
2024-07-17 20:06:01+00:00,btc_mxn,1142149.98,1142150.02,0.0
2024-07-17 20:06:02+00:00,btc_mxn,1142149.98,1142150.02,0.0
2024-07-17 20:06:03+00:00,btc_mxn,1142149.98,1142150.02,0.0
2024-07-17 20:06:04+00:00,btc_mxn,1142149.98,1142150.02,0.0
2024-07-17 20:06:05+00:00,btc_mxn,1142149.98,1142150.02,0.0
2024-07-17 20:06:06+00:00,btc_mxn,1142149.98,1142150.02,0.0
2024-07-17 20:06:07+00:00,btc_mxn,1142149.98,1142150.02,0.0
2024-07-17 20:06:08+00:00,btc_mxn,1142149.98,1142150.02,0.0
2024-07-17 20:06:09+00:00,btc_mxn,1142149.98,1142150.02,0.0
2024-07-17 20:06:10+00:00,btc_mxn,1142149.98,1142150.02,0.0
2024-07-17 20:06:11+00:00,btc_mxn,1142149.98,1142150.02,0.0
2024-07-17 20:06:12+00:00,btc_mxn,1142149.98,1142150.02,0.0
2024-07-17 20:06:13+00:00,btc_mxn,1142149.98,1142150.02,0.0
2024-07-17 20:06:14+00:00,btc_mxn,1142149.98,1142150.02,0.0
2024-07-17 20:06:15+00:00,btc_mxn,1142149.98,1142150.02,0.0
2024-07-17 20:06:16+00:00,btc_mxn,1142149.98,1142150.02,0.0
2024-07-17 20:06:17+00:00,btc_mxn,1142149.98,1142150.02,0.0
2024-07-17 20:06:18+00:00,btc_mxn,1142149.98,1142150.02,0.0
2024-07-17 20:06:19+00:00,btc_mxn,1142149.98,1142150.02,0.0
2024-07-17 20:06:20+00:00,btc_mxn,1142149.98,1142150.02,0.0
2024-07-17 20:06:21+00:00,btc_mxn,1142149.98,1142150.02,0.0
2024-07-17 20:06:22+00:00,btc_mxn,1142149.98,1142150.02,0.0
2024-07-17 20:06:23+00:00,btc_mxn,1142149.98,1142150.02,0.0
2024-07-17 20:06:24+00:00,btc_mxn,1142149.98,1142150.02,0.0
2024-07-17 20:06:25+00:00,btc_mxn,1142149.98,1142150.02,0.0
2024-07-17 20:06:26+00:00,btc_mxn,1142149.98,1142150.02,0.0
2024-07-17 20:06:27+00:00,btc_mxn,1142149.98,1142150.02,0.0
2024-07-17 20:06:28+00:00,btc_mxn,1142149.98,1142150.02,0.0
2024-07-17 20:06:29+00:00,btc_mxn,1142149.98,1142150.02,0.0
2024-07-17 20:06:30+00:00,btc_mxn,1142149.98,1142150.02,0.0
2024-07-17 20:06:31+00:00,btc_mxn,1142149.98,1142150.02,0.0
2024-07-17 20:06:32+00:00,btc_mxn,1142149.98,1142150.02,0.0
2024-07-17 20:06:33+00:00,btc_mxn,1142149.98,1142150.02,0.0
2024-07-17 20:06:34+00:00,btc_mxn,1142149.98,1142150.02,0.0
2024-07-17 20:06:36+00:00,btc_mxn,1142149.98,1142150.02,0.0
2024-07-17 20:06:37+00:00,btc_mxn,1142149.98,1142150.02,0.0
2024-07-17 20:06:38+00:00,btc_mxn,1142149.98,1142150.02,0.0
2024-07-17 20:06:39+00:00,btc_mxn,1142149.98,1142150.02,0.0
2024-07-17 20:06:41+00:00,btc_mxn,1142149.98,1142150.02,0.0
2024-07-17 20:06:42+00:00,btc_mxn,1142149.98,1142150.02,0.0
2024-07-17 20:06:43+00:00,btc_mxn,1142149.98,1142150.02,0.0
2024-07-17 20:06:44+00:00,btc_mxn,1142149.98,1142150.02,0.0
2024-07-17 20:06:45+00:00,btc_mxn,1142149.98,1142150.02,0.0
2024-07-17 20:06:46+00:00,btc_mxn,1142149.98,1142150.02,0.0
2024-07-17 20:06:47+00:00,btc_mxn,1142149.98,1142150.02,0.0
2024-07-17 20:06:48+00:00,btc_mxn,1142149.98,1142150.02,0.0
2024-07-17 20:06:49+00:00,btc_mxn,1142149.98,1142150.02,0.0
2024-07-17 20:06:50+00:00,btc_mxn,1142149.98,1142150.02,0.0
2024-07-17 20:06:51+00:00,btc_mxn,1142149.98,1142150.02,0.0
2024-07-17 20:06:52+00:00,btc_mxn,1142149.98,1142150.02,0.0
2024-07-17 20:06:53+00:00,btc_mxn,1142149.98,1142150.02,0.0
2024-07-17 20:06:54+00:00,btc_mxn,1142149.98,1142150.02,0.0
2024-07-17 20:06:55+00:00,btc_mxn,1142149.98,1142150.02,0.0
2024-07-17 20:06:56+00:00,btc_mxn,1142149.98,1142150.02,0.0
2024-07-17 20:06:57+00:00,btc_mxn,1142149.98,1142150.02,0.0
2024-07-17 20:06:58+00:00,btc_mxn,1142149.98,1142150.02,0.0
2024-07-17 20:06:59+00:00,btc_mxn,1142149.98,1142150.02,0.0
2024-07-17 20:07:00+00:00,btc_mxn,1142149.98,1142150.02,0.0
2024-07-17 20:07:01+00:00,btc_mxn,1142149.98,1142150.02,0.0
2024-07-17 20:07:02+00:00,btc_mxn,1142149.98,1142150.02,0.0
2024-07-17 20:07:03+00:00,btc_mxn,1142149.98,1142150.02,0.0
2024-07-17 20:07:04+00:00,btc_mxn,1142149.98,1142150.02,0.0
2024-07-17 20:07:05+00:00,btc_mxn,1142149.98,1142150.02,0.0
2024-07-17 20:07:06+00:00,btc_mxn,1142149.98,1142150.02,0.0
2024-07-17 20:07:07+00:00,btc_mxn,1142149.98,1142150.02,0.0
2024-07-17 20:07:08+00:00,btc_mxn,1142149.98,1142150.02,0.0
2024-07-17 20:07:09+00:00,btc_mxn,1142149.98,1142150.02,0.0
2024-07-17 20:07:10+00:00,btc_mxn,1142149.98,1142150.02,0.0
2024-07-17 20:07:11+00:00,btc_mxn,1142149.98,1142150.02,0.0
2024-07-17 20:07:12+00:00,btc_mxn,1142149.98,1142150.02,0.0
2024-07-17 20:07:13+00:00,btc_mxn,1142149.98,1142150.02,0.0
2024-07-17 20:07:14+00:00,btc_mxn,1142149.98,1142150.02,0.0
2024-07-17 20:07:15+00:00,btc_mxn,1142149.98,1142150.02,0.0
2024-07-17 20:07:16+00:00,btc_mxn,1142149.98,1142150.02,0.0
2024-07-17 20:07:17+00:00,btc_mxn,1142149.98,1142150.02,0.0
2024-07-17 20:07:18+00:00,btc_mxn,1142149.98,1142150.02,0.0
2024-07-17 20:07:19+00:00,btc_mxn,1142149.98,1142150.02,0.0
2024-07-17 20:07:20+00:00,btc_mxn,1142149.98,1142150.02,0.0
2024-07-17 20:07:21+00:00,btc_mxn,1142149.98,1142150.02,0.0
2024-07-17 20:07:22+00:00,btc_mxn,1142149.98,1142150.02,0.0
2024-07-17 20:07:23+00:00,btc_mxn,1142149.98,1142150.02,0.0
2024-07-17 20:07:24+00:00,btc_mxn,1142149.98,1142150.02,0.0
2024-07-17 20:07:25+00:00,btc_mxn,1142149.98,1142150.02,0.0
2024-07-17 20:07:26+00:00,btc_mxn,1142149.98,1142150.02,0.0
2024-07-17 20:07:27+00:00,btc_mxn,1142149.98,1142150.02,0.0
2024-07-17 20:07:28+00:00,btc_mxn,1142149.98,1142150.02,0.0
2024-07-17 20:07:29+00:00,btc_mxn,1142149.98,1142150.02,0.0
2024-07-17 20:07:30+00:00,btc_mxn,1142149.98,1142150.02,0.0
2024-07-17 20:07:31+00:00,btc_mxn,1142149.98,1142150.02,0.0
2024-07-17 20:07:32+00:00,btc_mxn,1142149.98,1142150.02,0.0
2024-07-17 20:07:33+00:00,btc_mxn,1142149.98,1142150.02,0.0
2024-07-17 20:07:34+00:00,btc_mxn,1142149.98,1142150.02,0.0
2024-07-17 20:07:35+00:00,btc_mxn,1142149.98,1142150.02,0.0
2024-07-17 20:07:36+00:00,btc_mxn,1142149.98,1142150.02,0.0
2024-07-17 20:07:37+00:00,btc_mxn,1142149.98,1142150.02,0.0
2024-07-17 20:07:38+00:00,btc_mxn,1142149.98,1142150.02,0.0
2024-07-17 20:07:39+00:00,btc_mxn,1142149.98,1142150.02,0.0
2024-07-17 20:07:40+00:00,btc_mxn,1142149.98,1142150.02,0.0
2024-07-17 20:07:41+00:00,btc_mxn,1142149.98,1142150.02,0.0
2024-07-17 20:07:42+00:00,btc_mxn,1142149.98,1142150.02,0.0
2024-07-17 20:07:43+00:00,btc_mxn,1142149.98,1142150.02,0.0
2024-07-17 20:07:44+00:00,btc_mxn,1142149.98,1142150.02,0.0
2024-07-17 20:07:45+00:00,btc_mxn,1142149.98,1142150.02,0.0
2024-07-17 20:07:46+00:00,btc_mxn,1142149.98,1142150.02,0.0
2024-07-17 20:07:47+00:00,btc_mxn,1142149.98,1142150.02,0.0
2024-07-17 20:07:48+00:00,btc_mxn,1142149.98,1142150.02,0.0
2024-07-17 20:07:49+00:00,btc_mxn,1142149.98,1142150.02,0.0
2024-07-17 20:07:50+00:00,btc_mxn,1142149.98,1142150.02,0.0
2024-07-17 20:07:51+00:00,btc_mxn,1142149.98,1142150.02,0.0
2024-07-17 20:07:52+00:00,btc_mxn,1142149.98,1142150.02,0.0
2024-07-17 20:07:53+00:00,btc_mxn,1142149.98,1142150.02,0.0
2024-07-17 20:07:54+00:00,btc_mxn,1142149.98,1142150.02,0.0
2024-07-17 20:07:56+00:00,btc_mxn,1142149.98,1142150.02,0.0
2024-07-17 20:07:57+00:00,btc_mxn,1142149.98,1142150.02,0.0
2024-07-17 20:07:58+00:00,btc_mxn,1142149.98,1142150.02,0.0
2024-07-17 20:07:59+00:00,btc_mxn,1142149.98,1142150.02,0.0
2024-07-17 20:08:00+00:00,btc_mxn,1142149.98,1142150.02,0.0
2024-07-17 20:08:01+00:00,btc_mxn,1142149.98,1142150.02,0.0
2024-07-17 20:08:02+00:00,btc_mxn,1142149.98,1142150.02,0.0
2024-07-17 20:08:03+00:00,btc_mxn,1142149.98,1142150.02,0.0
2024-07-17 20:08:04+00:00,btc_mxn,1142149.98,1142150.02,0.0
2024-07-17 20:08:05+00:00,btc_mxn,1142149.98,1142150.02,0.0
2024-07-17 20:08:06+00:00,btc_mxn,1142149.98,1142150.02,0.0
2024-07-17 20:08:07+00:00,btc_mxn,1142149.98,1142150.02,0.0
2024-07-17 20:08:08+00:00,btc_mxn,1142149.98,1142150.02,0.0
2024-07-17 20:08:09+00:00,btc_mxn,1142149.98,1142150.02,0.0
2024-07-17 20:08:10+00:00,btc_mxn,1142149.98,1142150.02,0.0
2024-07-17 20:08:11+00:00,btc_mxn,1142149.98,1142150.02,0.0
2024-07-17 20:08:12+00:00,btc_mxn,1142149.98,1142150.02,0.0
2024-07-17 20:08:13+00:00,btc_mxn,1142149.98,1142150.02,0.0
2024-07-17 20:08:14+00:00,btc_mxn,1142149.98,1142150.02,0.0
2024-07-17 20:08:15+00:00,btc_mxn,1142149.98,1142150.02,0.0
2024-07-17 20:08:16+00:00,btc_mxn,1142149.98,1142150.02,0.0
2024-07-17 20:08:17+00:00,btc_mxn,1142149.98,1142150.02,0.0
2024-07-17 20:08:18+00:00,btc_mxn,1142149.98,1142150.02,0.0
2024-07-17 20:08:19+00:00,btc_mxn,1142149.98,1142150.02,0.0
2024-07-17 20:08:20+00:00,btc_mxn,1142149.98,1142150.02,0.0
2024-07-17 20:08:21+00:00,btc_mxn,1142149.98,1142150.02,0.0
2024-07-17 20:08:22+00:00,btc_mxn,1142149.98,1142150.02,0.0
2024-07-17 20:08:23+00:00,btc_mxn,1142149.98,1142150.02,0.0
2024-07-17 20:08:24+00:00,btc_mxn,1142149.98,1142150.02,0.0
2024-07-17 20:08:25+00:00,btc_mxn,1142149.98,1142150.02,0.0
2024-07-17 20:08:26+00:00,btc_mxn,1142149.98,1142150.02,0.0
2024-07-17 20:08:27+00:00,btc_mxn,1142149.98,1142150.02,0.0
2024-07-17 20:08:28+00:00,btc_mxn,1142149.98,1142150.02,0.0
2024-07-17 20:08:29+00:00,btc_mxn,1142149.98,1142150.02,0.0
2024-07-17 20:08:30+00:00,btc_mxn,1142149.98,1142150.02,0.0
2024-07-17 20:08:31+00:00,btc_mxn,1142149.98,1142150.02,0.0
2024-07-17 20:08:32+00:00,btc_mxn,1142149.98,1142150.02,0.0
2024-07-17 20:08:33+00:00,btc_mxn,1142149.98,1142150.02,0.0
2024-07-17 20:08:34+00:00,btc_mxn,1142149.98,1142150.02,0.0
2024-07-17 20:08:35+00:00,btc_mxn,1142149.98,1142150.02,0.0
2024-07-17 20:08:36+00:00,btc_mxn,1142149.98,1142150.02,0.0
2024-07-17 20:08:37+00:00,btc_mxn,1142149.98,1142150.02,0.0
2024-07-17 20:08:38+00:00,btc_mxn,1142149.98,1142150.02,0.0
2024-07-17 20:08:39+00:00,btc_mxn,1142149.98,1142150.02,0.0
2024-07-17 20:08:40+00:00,btc_mxn,1142149.98,1142150.02,0.0
2024-07-17 20:08:41+00:00,btc_mxn,1142149.98,1142150.02,0.0
2024-07-17 20:08:42+00:00,btc_mxn,1142149.98,1142150.02,0.0
2024-07-17 20:08:43+00:00,btc_mxn,1142149.98,1142150.02,0.0
2024-07-17 20:08:44+00:00,btc_mxn,1142149.98,1142150.02,0.0
2024-07-17 20:08:46+00:00,btc_mxn,1142149.98,1142150.02,0.0
2024-07-17 20:08:47+00:00,btc_mxn,1142149.98,1142150.02,0.0
2024-07-17 20:08:47+00:00,btc_mxn,1142149.98,1142150.02,0.0
2024-07-17 20:08:49+00:00,btc_mxn,1142149.98,1142150.02,0.0
2024-07-17 20:08:49+00:00,btc_mxn,1142149.98,1142150.02,0.0
2024-07-17 20:08:50+00:00,btc_mxn,1142149.98,1142150.02,0.0
2024-07-17 20:08:52+00:00,btc_mxn,1142149.98,1142150.02,0.0
2024-07-17 20:08:53+00:00,btc_mxn,1142149.98,1142150.02,0.0
2024-07-17 20:08:54+00:00,btc_mxn,1142149.98,1142150.02,0.0
2024-07-17 20:08:55+00:00,btc_mxn,1142149.98,1142150.02,0.0
2024-07-17 20:08:56+00:00,btc_mxn,1142149.98,1142150.02,0.0
2024-07-17 20:08:57+00:00,btc_mxn,1142149.98,1142150.02,0.0
2024-07-17 20:08:58+00:00,btc_mxn,1142149.98,1142150.02,0.0
2024-07-17 20:08:59+00:00,btc_mxn,1142149.98,1142150.02,0.0
2024-07-17 20:09:00+00:00,btc_mxn,1142149.98,1142150.02,0.0
2024-07-17 20:09:01+00:00,btc_mxn,1142149.98,1142150.02,0.0
2024-07-17 20:09:02+00:00,btc_mxn,1142149.98,1142150.02,0.0
2024-07-17 20:09:03+00:00,btc_mxn,1142149.98,1142150.02,0.0
2024-07-17 20:09:04+00:00,btc_mxn,1142149.98,1142150.02,0.0
2024-07-17 20:09:05+00:00,btc_mxn,1142149.98,1142150.02,0.0
2024-07-17 20:09:06+00:00,btc_mxn,1142149.98,1142150.02,0.0
2024-07-17 20:09:07+00:00,btc_mxn,1142149.98,1142150.02,0.0
2024-07-17 20:09:08+00:00,btc_mxn,1142149.98,1142150.02,0.0
2024-07-17 20:09:09+00:00,btc_mxn,1142149.98,1142150.02,0.0
2024-07-17 20:09:10+00:00,btc_mxn,1142149.98,1142150.02,0.0
2024-07-17 20:09:11+00:00,btc_mxn,1142149.98,1142150.02,0.0
2024-07-17 20:09:12+00:00,btc_mxn,1142149.98,1142150.02,0.0
2024-07-17 20:09:13+00:00,btc_mxn,1142149.98,1142150.02,0.0
2024-07-17 20:09:14+00:00,btc_mxn,1142149.98,1142150.02,0.0
2024-07-17 20:09:15+00:00,btc_mxn,1142149.98,1142150.02,0.0
2024-07-17 20:09:16+00:00,btc_mxn,1142149.98,1142150.02,0.0
2024-07-17 20:09:17+00:00,btc_mxn,1142149.98,1142150.02,0.0
2024-07-17 20:09:18+00:00,btc_mxn,1142149.98,1142150.02,0.0
2024-07-17 20:09:19+00:00,btc_mxn,1142149.98,1142150.02,0.0
2024-07-17 20:09:20+00:00,btc_mxn,1142149.98,1142150.02,0.0
2024-07-17 20:09:21+00:00,btc_mxn,1142149.98,1142150.02,0.0
2024-07-17 20:09:22+00:00,btc_mxn,1142149.98,1142150.02,0.0
2024-07-17 20:09:23+00:00,btc_mxn,1142149.98,1142150.02,0.0
2024-07-17 20:09:24+00:00,btc_mxn,1142149.98,1142150.02,0.0
2024-07-17 20:09:25+00:00,btc_mxn,1142149.98,1142150.02,0.0
2024-07-17 20:09:27+00:00,btc_mxn,1142149.98,1142150.02,0.0
2024-07-17 20:09:30+00:00,btc_mxn,1142149.98,1142150.02,0.0
2024-07-17 20:09:31+00:00,btc_mxn,1142149.98,1142150.02,0.0
2024-07-17 20:09:32+00:00,btc_mxn,1142149.98,1142150.02,0.0
2024-07-17 20:09:33+00:00,btc_mxn,1142149.98,1142150.02,0.0
2024-07-17 20:09:34+00:00,btc_mxn,1142149.98,1142150.02,0.0
2024-07-17 20:09:35+00:00,btc_mxn,1142149.98,1142150.02,0.0
2024-07-17 20:09:36+00:00,btc_mxn,1142149.98,1142150.02,0.0
2024-07-17 20:09:37+00:00,btc_mxn,1142149.98,1142150.02,0.0
2024-07-17 20:09:38+00:00,btc_mxn,1142149.98,1142150.02,0.0
2024-07-17 20:09:39+00:00,btc_mxn,1142149.98,1142150.02,0.0
2024-07-17 20:09:40+00:00,btc_mxn,1142149.98,1142150.02,0.0
2024-07-17 20:09:41+00:00,btc_mxn,1142149.98,1142150.02,0.0
2024-07-17 20:09:42+00:00,btc_mxn,1142149.98,1142150.02,0.0
2024-07-17 20:09:43+00:00,btc_mxn,1142149.98,1142150.02,0.0
2024-07-17 20:09:44+00:00,btc_mxn,1142149.98,1142150.02,0.0
2024-07-17 20:09:45+00:00,btc_mxn,1142149.98,1142150.02,0.0
2024-07-17 20:09:46+00:00,btc_mxn,1142149.98,1142150.02,0.0
2024-07-17 20:09:47+00:00,btc_mxn,1142149.98,1142150.02,0.0
2024-07-17 20:09:48+00:00,btc_mxn,1142149.98,1142150.02,0.0
2024-07-17 20:09:49+00:00,btc_mxn,1142149.98,1142150.02,0.0
2024-07-17 20:09:50+00:00,btc_mxn,1142149.98,1142150.02,0.0
2024-07-17 20:09:51+00:00,btc_mxn,1142149.98,1142150.02,0.0
2024-07-17 20:09:52+00:00,btc_mxn,1142149.98,1142150.02,0.0
2024-07-17 20:09:53+00:00,btc_mxn,1142149.98,1142150.02,0.0
2024-07-17 20:09:54+00:00,btc_mxn,1142149.98,1142150.02,0.0
2024-07-17 20:09:55+00:00,btc_mxn,1142149.98,1142150.02,0.0
2024-07-17 20:09:56+00:00,btc_mxn,1142149.98,1142150.02,0.0
2024-07-17 20:09:57+00:00,btc_mxn,1142149.98,1142150.02,0.0
2024-07-17 20:09:58+00:00,btc_mxn,1142149.98,1142150.02,0.0
2024-07-17 20:09:59+00:00,btc_mxn,1142149.98,1142150.02,0.0
