orderbook_timestamp,book,bid,ask,spread
2024-07-18 17:57:22+00:00,btc_mxn,1138940.0,1139870.0,0.082
2024-07-18 17:57:23+00:00,btc_mxn,1138940.0,1139870.0,0.082
2024-07-18 17:57:24+00:00,btc_mxn,1138940.0,1139870.0,0.082
2024-07-18 17:57:25+00:00,btc_mxn,1138940.0,1139870.0,0.082
2024-07-18 17:57:26+00:00,btc_mxn,1138940.0,1139870.0,0.082
2024-07-18 17:57:27+00:00,btc_mxn,1138940.0,1139870.0,0.082
2024-07-18 17:57:28+00:00,btc_mxn,1138940.0,1139870.0,0.082
2024-07-18 17:57:29+00:00,btc_mxn,1138940.0,1139870.0,0.082
2024-07-18 17:57:30+00:00,btc_mxn,1138940.0,1139870.0,0.082
2024-07-18 17:57:31+00:00,btc_mxn,1138940.0,1139870.0,0.082
2024-07-18 17:57:32+00:00,btc_mxn,1138940.0,1139870.0,0.082
2024-07-18 17:57:33+00:00,btc_mxn,1138940.0,1139870.0,0.082
2024-07-18 17:57:34+00:00,btc_mxn,1138940.0,1139870.0,0.082
2024-07-18 17:57:35+00:00,btc_mxn,1138940.0,1139870.0,0.082
2024-07-18 17:57:36+00:00,btc_mxn,1138940.0,1140670.0,0.152
2024-07-18 17:57:37+00:00,btc_mxn,1138940.0,1140670.0,0.152
2024-07-18 17:57:38+00:00,btc_mxn,1138940.0,1140670.0,0.152
2024-07-18 17:57:39+00:00,btc_mxn,1138940.0,1140670.0,0.152
2024-07-18 17:57:40+00:00,btc_mxn,1138940.0,1140670.0,0.152
2024-07-18 17:57:41+00:00,btc_mxn,1138940.0,1140670.0,0.152
2024-07-18 17:57:42+00:00,btc_mxn,1138940.0,1140670.0,0.152
2024-07-18 17:57:43+00:00,btc_mxn,1138940.0,1140670.0,0.152
2024-07-18 17:57:44+00:00,btc_mxn,1138940.0,1140670.0,0.152
2024-07-18 17:57:45+00:00,btc_mxn,1138940.0,1140670.0,0.152
2024-07-18 17:57:46+00:00,btc_mxn,1138940.0,1140670.0,0.152
2024-07-18 17:57:47+00:00,btc_mxn,1138940.0,1140670.0,0.152
2024-07-18 17:57:48+00:00,btc_mxn,1138940.0,1140670.0,0.152
2024-07-18 17:57:49+00:00,btc_mxn,1138940.0,1140670.0,0.152
2024-07-18 17:57:50+00:00,btc_mxn,1138940.0,1140670.0,0.152
2024-07-18 17:57:51+00:00,btc_mxn,1138940.0,1140670.0,0.152
2024-07-18 17:57:52+00:00,btc_mxn,1138940.0,1140670.0,0.152
2024-07-18 17:57:53+00:00,btc_mxn,1138940.0,1140670.0,0.152
2024-07-18 17:57:54+00:00,btc_mxn,1138940.0,1140670.0,0.152
2024-07-18 17:57:55+00:00,btc_mxn,1138940.0,1140670.0,0.152
2024-07-18 17:57:56+00:00,btc_mxn,1138940.0,1140670.0,0.152
2024-07-18 17:57:57+00:00,btc_mxn,1138940.0,1140670.0,0.152
2024-07-18 17:57:58+00:00,btc_mxn,1138940.0,1140670.0,0.152
2024-07-18 17:57:59+00:00,btc_mxn,1138940.0,1140670.0,0.152
2024-07-18 17:58:00+00:00,btc_mxn,1138940.0,1140670.0,0.152
2024-07-18 17:58:01+00:00,btc_mxn,1138940.0,1140670.0,0.152
2024-07-18 17:58:02+00:00,btc_mxn,1138940.0,1140670.0,0.152
2024-07-18 17:58:03+00:00,btc_mxn,1138940.0,1140670.0,0.152
2024-07-18 17:58:04+00:00,btc_mxn,1138940.0,1140670.0,0.152
2024-07-18 17:58:05+00:00,btc_mxn,1138940.0,1140670.0,0.152
2024-07-18 17:58:06+00:00,btc_mxn,1138940.0,1140670.0,0.152
2024-07-18 17:58:07+00:00,btc_mxn,1138940.0,1140670.0,0.152
2024-07-18 17:58:08+00:00,btc_mxn,1138940.0,1140670.0,0.152
2024-07-18 17:58:09+00:00,btc_mxn,1138940.0,1140670.0,0.152
2024-07-18 17:58:10+00:00,btc_mxn,1138940.0,1140670.0,0.152
2024-07-18 17:58:11+00:00,btc_mxn,1138940.0,1140670.0,0.152
2024-07-18 17:58:12+00:00,btc_mxn,1138940.0,1140670.0,0.152
2024-07-18 17:58:13+00:00,btc_mxn,1138940.0,1140670.0,0.152
2024-07-18 17:58:15+00:00,btc_mxn,1138940.0,1140670.0,0.152
2024-07-18 17:58:16+00:00,btc_mxn,1138940.0,1140670.0,0.152
2024-07-18 17:58:17+00:00,btc_mxn,1138940.0,1140670.0,0.152
2024-07-18 17:58:18+00:00,btc_mxn,1138940.0,1140670.0,0.152
2024-07-18 17:58:19+00:00,btc_mxn,1138940.0,1140670.0,0.152
2024-07-18 17:58:20+00:00,btc_mxn,1138940.0,1140670.0,0.152
2024-07-18 17:58:21+00:00,btc_mxn,1138940.0,1140670.0,0.152
2024-07-18 17:58:22+00:00,btc_mxn,1138940.0,1140670.0,0.152
2024-07-18 17:58:23+00:00,btc_mxn,1138940.0,1140670.0,0.152
2024-07-18 17:58:24+00:00,btc_mxn,1138940.0,1140670.0,0.152
2024-07-18 17:58:25+00:00,btc_mxn,1138940.0,1140670.0,0.152
2024-07-18 17:58:26+00:00,btc_mxn,1138940.0,1140670.0,0.152
2024-07-18 17:58:27+00:00,btc_mxn,1138940.0,1140670.0,0.152
2024-07-18 17:58:28+00:00,btc_mxn,1138940.0,1140670.0,0.152
2024-07-18 17:58:29+00:00,btc_mxn,1138910.0,1140670.0,0.154
2024-07-18 17:58:30+00:00,btc_mxn,1139390.0,1140670.0,0.112
2024-07-18 17:58:31+00:00,btc_mxn,1139410.0,1140670.0,0.11
2024-07-18 17:58:32+00:00,btc_mxn,1139430.0,1140670.0,0.109
2024-07-18 17:58:33+00:00,btc_mxn,1139450.0,1140670.0,0.107
2024-07-18 17:58:34+00:00,btc_mxn,1139470.0,1140670.0,0.105
2024-07-18 17:58:35+00:00,btc_mxn,1139490.0,1140670.0,0.103
2024-07-18 17:58:36+00:00,btc_mxn,1139570.0,1140670.0,0.096
2024-07-18 17:58:37+00:00,btc_mxn,1139590.0,1140670.0,0.095
2024-07-18 17:58:38+00:00,btc_mxn,1139630.0,1140670.0,0.091
2024-07-18 17:58:39+00:00,btc_mxn,1139670.0,1140670.0,0.088
2024-07-18 17:58:40+00:00,btc_mxn,1139670.0,1140670.0,0.088
2024-07-18 17:58:41+00:00,btc_mxn,1139670.0,1140670.0,0.088
2024-07-18 17:58:43+00:00,btc_mxn,1139670.0,1140670.0,0.088
2024-07-18 17:58:43+00:00,btc_mxn,1139710.0,1140670.0,0.084
2024-07-18 17:58:44+00:00,btc_mxn,1139730.0,1140670.0,0.082
2024-07-18 17:58:45+00:00,btc_mxn,1139730.0,1140670.0,0.082
2024-07-18 17:58:46+00:00,btc_mxn,1139730.0,1140670.0,0.082
2024-07-18 17:58:47+00:00,btc_mxn,1139730.0,1140670.0,0.082
2024-07-18 17:58:48+00:00,btc_mxn,1139780.0,1140670.0,0.078
2024-07-18 17:58:49+00:00,btc_mxn,1139780.0,1140670.0,0.078
2024-07-18 17:58:50+00:00,btc_mxn,1139780.0,1140670.0,0.078
2024-07-18 17:58:51+00:00,btc_mxn,1139780.0,1140670.0,0.078
2024-07-18 17:58:52+00:00,btc_mxn,1139780.0,1140670.0,0.078
2024-07-18 17:58:53+00:00,btc_mxn,1139780.0,1140670.0,0.078
2024-07-18 17:58:54+00:00,btc_mxn,1139780.0,1140670.0,0.078
2024-07-18 17:58:55+00:00,btc_mxn,1139780.0,1140670.0,0.078
2024-07-18 17:58:56+00:00,btc_mxn,1139780.0,1140670.0,0.078
2024-07-18 17:58:57+00:00,btc_mxn,1139780.0,1140670.0,0.078
2024-07-18 17:58:58+00:00,btc_mxn,1139780.0,1140670.0,0.078
2024-07-18 17:58:59+00:00,btc_mxn,1139780.0,1140670.0,0.078
2024-07-18 17:59:00+00:00,btc_mxn,1139780.0,1140670.0,0.078
2024-07-18 17:59:01+00:00,btc_mxn,1139780.0,1140670.0,0.078
2024-07-18 17:59:02+00:00,btc_mxn,1139780.0,1140670.0,0.078
2024-07-18 17:59:03+00:00,btc_mxn,1139780.0,1140670.0,0.078
2024-07-18 17:59:04+00:00,btc_mxn,1139780.0,1140670.0,0.078
2024-07-18 17:59:05+00:00,btc_mxn,1139780.0,1140670.0,0.078
2024-07-18 17:59:06+00:00,btc_mxn,1139780.0,1140670.0,0.078
2024-07-18 17:59:07+00:00,btc_mxn,1139780.0,1140670.0,0.078
2024-07-18 17:59:08+00:00,btc_mxn,1139780.0,1140670.0,0.078
2024-07-18 17:59:09+00:00,btc_mxn,1139780.0,1140670.0,0.078
2024-07-18 17:59:10+00:00,btc_mxn,1139780.0,1140670.0,0.078
2024-07-18 17:59:11+00:00,btc_mxn,1139780.0,1140670.0,0.078
2024-07-18 17:59:12+00:00,btc_mxn,1139780.0,1140670.0,0.078
2024-07-18 17:59:13+00:00,btc_mxn,1139780.0,1140670.0,0.078
2024-07-18 17:59:14+00:00,btc_mxn,1139780.0,1140670.0,0.078
2024-07-18 17:59:15+00:00,btc_mxn,1139780.0,1140670.0,0.078
2024-07-18 17:59:17+00:00,btc_mxn,1139780.0,1140670.0,0.078
2024-07-18 17:59:18+00:00,btc_mxn,1139780.0,1140670.0,0.078
2024-07-18 17:59:19+00:00,btc_mxn,1139780.0,1140670.0,0.078
2024-07-18 17:59:20+00:00,btc_mxn,1139780.0,1140670.0,0.078
2024-07-18 17:59:21+00:00,btc_mxn,1139780.0,1140670.0,0.078
2024-07-18 17:59:22+00:00,btc_mxn,1139780.0,1140670.0,0.078
2024-07-18 17:59:23+00:00,btc_mxn,1139780.0,1140670.0,0.078
2024-07-18 17:59:24+00:00,btc_mxn,1139780.0,1140670.0,0.078
2024-07-18 17:59:25+00:00,btc_mxn,1139780.0,1140670.0,0.078
2024-07-18 17:59:26+00:00,btc_mxn,1139780.0,1140670.0,0.078
2024-07-18 17:59:27+00:00,btc_mxn,1139780.0,1140670.0,0.078
2024-07-18 17:59:28+00:00,btc_mxn,1139780.0,1140670.0,0.078
2024-07-18 17:59:29+00:00,btc_mxn,1139780.0,1140670.0,0.078
2024-07-18 17:59:30+00:00,btc_mxn,1139780.0,1140670.0,0.078
2024-07-18 17:59:31+00:00,btc_mxn,1139780.0,1140670.0,0.078
2024-07-18 17:59:32+00:00,btc_mxn,1139750.0,1140890.0,0.1
2024-07-18 17:59:33+00:00,btc_mxn,1139750.0,1140890.0,0.1
2024-07-18 17:59:34+00:00,btc_mxn,1139740.0,1140890.0,0.101
2024-07-18 17:59:35+00:00,btc_mxn,1139710.0,1140890.0,0.103
2024-07-18 17:59:36+00:00,btc_mxn,1139670.0,1140890.0,0.107
2024-07-18 17:59:37+00:00,btc_mxn,1139670.0,1140890.0,0.107
2024-07-18 17:59:38+00:00,btc_mxn,1139670.0,1140890.0,0.107
2024-07-18 17:59:39+00:00,btc_mxn,1139680.0,1140890.0,0.106
2024-07-18 17:59:40+00:00,btc_mxn,1139750.0,1140890.0,0.1
2024-07-18 17:59:41+00:00,btc_mxn,1139790.0,1140890.0,0.096
2024-07-18 17:59:42+00:00,btc_mxn,1139830.0,1140890.0,0.093
2024-07-18 17:59:43+00:00,btc_mxn,1139830.0,1140890.0,0.093
2024-07-18 17:59:44+00:00,btc_mxn,1139830.0,1140890.0,0.093
2024-07-18 17:59:45+00:00,btc_mxn,1139810.0,1140890.0,0.095
2024-07-18 17:59:46+00:00,btc_mxn,1139810.0,1140890.0,0.095
2024-07-18 17:59:47+00:00,btc_mxn,1139810.0,1140890.0,0.095
2024-07-18 17:59:48+00:00,btc_mxn,1139810.0,1140890.0,0.095
2024-07-18 17:59:49+00:00,btc_mxn,1139810.0,1140890.0,0.095
2024-07-18 17:59:50+00:00,btc_mxn,1139810.0,1140890.0,0.095
2024-07-18 17:59:51+00:00,btc_mxn,1139810.0,1141290.0,0.13
2024-07-18 17:59:52+00:00,btc_mxn,1139810.0,1141290.0,0.13
2024-07-18 17:59:53+00:00,btc_mxn,1139810.0,1141290.0,0.13
2024-07-18 17:59:54+00:00,btc_mxn,1139810.0,1141290.0,0.13
2024-07-18 17:59:55+00:00,btc_mxn,1139810.0,1141290.0,0.13
2024-07-18 17:59:56+00:00,btc_mxn,1139810.0,1141290.0,0.13
2024-07-18 17:59:57+00:00,btc_mxn,1139810.0,1141290.0,0.13
2024-07-18 17:59:58+00:00,btc_mxn,1139810.0,1141290.0,0.13
2024-07-18 17:59:59+00:00,btc_mxn,1139810.0,1141290.0,0.13
2024-07-18 18:00:00+00:00,btc_mxn,1139810.0,1141290.0,0.13
2024-07-18 18:00:02+00:00,btc_mxn,1139810.0,1141290.0,0.13
2024-07-18 18:00:02+00:00,btc_mxn,1139810.0,1141290.0,0.13
2024-07-18 18:00:03+00:00,btc_mxn,1139810.0,1141290.0,0.13
2024-07-18 18:00:04+00:00,btc_mxn,1139810.0,1141290.0,0.13
2024-07-18 18:00:05+00:00,btc_mxn,1139810.0,1141290.0,0.13
2024-07-18 18:00:06+00:00,btc_mxn,1139810.0,1141290.0,0.13
2024-07-18 18:00:07+00:00,btc_mxn,1139810.0,1141290.0,0.13
2024-07-18 18:00:08+00:00,btc_mxn,1139810.0,1141290.0,0.13
2024-07-18 18:00:09+00:00,btc_mxn,1139810.0,1141290.0,0.13
2024-07-18 18:00:10+00:00,btc_mxn,1139810.0,1141290.0,0.13
2024-07-18 18:00:11+00:00,btc_mxn,1139810.0,1141290.0,0.13
2024-07-18 18:00:13+00:00,btc_mxn,1139810.0,1141290.0,0.13
2024-07-18 18:00:14+00:00,btc_mxn,1139810.0,1141290.0,0.13
2024-07-18 18:00:14+00:00,btc_mxn,1139810.0,1141290.0,0.13
2024-07-18 18:00:16+00:00,btc_mxn,1139810.0,1141290.0,0.13
2024-07-18 18:00:17+00:00,btc_mxn,1139810.0,1141290.0,0.13
2024-07-18 18:00:18+00:00,btc_mxn,1139810.0,1141290.0,0.13
2024-07-18 18:00:19+00:00,btc_mxn,1139810.0,1141290.0,0.13
2024-07-18 18:00:20+00:00,btc_mxn,1139810.0,1141290.0,0.13
2024-07-18 18:00:21+00:00,btc_mxn,1139810.0,1141290.0,0.13
2024-07-18 18:00:22+00:00,btc_mxn,1139810.0,1141290.0,0.13
2024-07-18 18:00:23+00:00,btc_mxn,1139810.0,1141290.0,0.13
2024-07-18 18:00:24+00:00,btc_mxn,1139810.0,1141290.0,0.13
2024-07-18 18:00:25+00:00,btc_mxn,1139810.0,1141290.0,0.13
2024-07-18 18:00:26+00:00,btc_mxn,1139810.0,1141290.0,0.13
2024-07-18 18:00:27+00:00,btc_mxn,1139810.0,1141290.0,0.13
2024-07-18 18:00:28+00:00,btc_mxn,1139810.0,1141290.0,0.13
2024-07-18 18:00:29+00:00,btc_mxn,1139810.0,1141290.0,0.13
2024-07-18 18:00:30+00:00,btc_mxn,1139810.0,1141290.0,0.13
2024-07-18 18:00:31+00:00,btc_mxn,1139810.0,1141290.0,0.13
2024-07-18 18:00:32+00:00,btc_mxn,1139810.0,1141290.0,0.13
2024-07-18 18:00:33+00:00,btc_mxn,1139810.0,1141290.0,0.13
2024-07-18 18:00:34+00:00,btc_mxn,1139810.0,1141290.0,0.13
2024-07-18 18:00:35+00:00,btc_mxn,1139810.0,1141290.0,0.13
2024-07-18 18:00:36+00:00,btc_mxn,1139810.0,1141290.0,0.13
2024-07-18 18:00:37+00:00,btc_mxn,1139810.0,1141290.0,0.13
2024-07-18 18:00:38+00:00,btc_mxn,1139810.0,1141290.0,0.13
2024-07-18 18:00:39+00:00,btc_mxn,1139810.0,1142080.0,0.199
2024-07-18 18:00:40+00:00,btc_mxn,1139810.0,1142080.0,0.199
2024-07-18 18:00:41+00:00,btc_mxn,1139810.0,1142080.0,0.199
2024-07-18 18:00:42+00:00,btc_mxn,1139810.0,1142080.0,0.199
2024-07-18 18:00:43+00:00,btc_mxn,1139810.0,1141450.0,0.144
2024-07-18 18:00:44+00:00,btc_mxn,1139810.0,1141450.0,0.144
2024-07-18 18:00:45+00:00,btc_mxn,1139810.0,1141450.0,0.144
2024-07-18 18:00:46+00:00,btc_mxn,1139670.0,1141450.0,0.156
2024-07-18 18:00:47+00:00,btc_mxn,1139670.0,1140820.0,0.101
2024-07-18 18:00:48+00:00,btc_mxn,1139670.0,1140810.0,0.1
2024-07-18 18:00:49+00:00,btc_mxn,1139670.0,1140810.0,0.1
2024-07-18 18:00:50+00:00,btc_mxn,1139670.0,1140810.0,0.1
2024-07-18 18:00:51+00:00,btc_mxn,1139670.0,1140810.0,0.1
2024-07-18 18:00:52+00:00,btc_mxn,1139670.0,1140810.0,0.1
2024-07-18 18:00:53+00:00,btc_mxn,1139670.0,1140810.0,0.1
2024-07-18 18:00:54+00:00,btc_mxn,1139670.0,1140810.0,0.1
2024-07-18 18:00:55+00:00,btc_mxn,1139670.0,1140810.0,0.1
2024-07-18 18:00:56+00:00,btc_mxn,1139670.0,1140810.0,0.1
2024-07-18 18:00:57+00:00,btc_mxn,1139670.0,1140810.0,0.1
2024-07-18 18:00:58+00:00,btc_mxn,1139670.0,1140810.0,0.1
2024-07-18 18:00:59+00:00,btc_mxn,1139670.0,1140810.0,0.1
2024-07-18 18:01:00+00:00,btc_mxn,1139670.0,1140810.0,0.1
2024-07-18 18:01:01+00:00,btc_mxn,1139670.0,1140810.0,0.1
2024-07-18 18:01:02+00:00,btc_mxn,1139670.0,1140810.0,0.1
2024-07-18 18:01:03+00:00,btc_mxn,1139600.0,1139600.02,0.0
2024-07-18 18:01:04+00:00,btc_mxn,1139600.0,1139600.02,0.0
2024-07-18 18:01:05+00:00,btc_mxn,1139600.0,1139600.02,0.0
2024-07-18 18:01:06+00:00,btc_mxn,1139600.0,1139600.02,0.0
2024-07-18 18:01:07+00:00,btc_mxn,1139600.0,1139600.02,0.0
2024-07-18 18:01:08+00:00,btc_mxn,1139600.0,1139600.02,0.0
2024-07-18 18:01:09+00:00,btc_mxn,1139600.0,1139600.02,0.0
2024-07-18 18:01:10+00:00,btc_mxn,1139600.0,1139600.02,0.0
2024-07-18 18:01:11+00:00,btc_mxn,1139600.0,1139600.02,0.0
2024-07-18 18:01:12+00:00,btc_mxn,1139600.0,1139600.02,0.0
2024-07-18 18:01:14+00:00,btc_mxn,1139600.0,1139600.02,0.0
2024-07-18 18:01:15+00:00,btc_mxn,1139600.0,1139600.02,0.0
2024-07-18 18:01:16+00:00,btc_mxn,1139600.0,1139600.02,0.0
2024-07-18 18:01:17+00:00,btc_mxn,1139600.0,1139600.02,0.0
2024-07-18 18:01:18+00:00,btc_mxn,1139600.0,1139600.02,0.0
2024-07-18 18:01:19+00:00,btc_mxn,1139600.0,1139600.02,0.0
2024-07-18 18:01:20+00:00,btc_mxn,1139600.0,1139600.02,0.0
2024-07-18 18:01:21+00:00,btc_mxn,1139600.0,1139600.02,0.0
2024-07-18 18:01:22+00:00,btc_mxn,1139600.0,1139600.02,0.0
2024-07-18 18:01:23+00:00,btc_mxn,1139600.0,1139600.02,0.0
2024-07-18 18:01:24+00:00,btc_mxn,1139600.0,1139600.02,0.0
2024-07-18 18:01:25+00:00,btc_mxn,1139600.0,1139600.02,0.0
2024-07-18 18:01:26+00:00,btc_mxn,1139600.0,1139600.02,0.0
2024-07-18 18:01:27+00:00,btc_mxn,1139600.0,1139600.02,0.0
2024-07-18 18:01:28+00:00,btc_mxn,1139600.0,1139600.02,0.0
2024-07-18 18:01:29+00:00,btc_mxn,1139600.0,1139600.02,0.0
2024-07-18 18:01:30+00:00,btc_mxn,1139600.0,1139600.02,0.0
2024-07-18 18:01:31+00:00,btc_mxn,1139599.98,1139600.02,0.0
2024-07-18 18:01:32+00:00,btc_mxn,1139599.98,1139600.02,0.0
2024-07-18 18:01:33+00:00,btc_mxn,1139599.98,1139600.02,0.0
2024-07-18 18:01:34+00:00,btc_mxn,1139599.98,1139600.02,0.0
2024-07-18 18:01:35+00:00,btc_mxn,1139599.98,1139600.02,0.0
2024-07-18 18:01:36+00:00,btc_mxn,1139599.98,1139600.02,0.0
2024-07-18 18:01:37+00:00,btc_mxn,1139599.98,1139600.02,0.0
2024-07-18 18:01:38+00:00,btc_mxn,1139599.98,1139600.02,0.0
2024-07-18 18:01:39+00:00,btc_mxn,1139599.98,1139600.02,0.0
2024-07-18 18:01:40+00:00,btc_mxn,1139599.98,1139600.02,0.0
2024-07-18 18:01:41+00:00,btc_mxn,1139599.98,1139600.02,0.0
2024-07-18 18:01:42+00:00,btc_mxn,1139599.98,1139600.02,0.0
2024-07-18 18:01:43+00:00,btc_mxn,1139599.98,1139600.02,0.0
2024-07-18 18:01:44+00:00,btc_mxn,1139599.98,1139600.02,0.0
2024-07-18 18:01:45+00:00,btc_mxn,1139599.98,1139600.02,0.0
2024-07-18 18:01:46+00:00,btc_mxn,1139599.98,1139600.02,0.0
2024-07-18 18:01:47+00:00,btc_mxn,1139599.98,1139600.02,0.0
2024-07-18 18:01:48+00:00,btc_mxn,1139599.98,1139600.02,0.0
2024-07-18 18:01:49+00:00,btc_mxn,1139599.98,1139600.02,0.0
2024-07-18 18:01:50+00:00,btc_mxn,1139599.98,1139600.02,0.0
2024-07-18 18:01:51+00:00,btc_mxn,1139599.98,1139600.02,0.0
2024-07-18 18:01:52+00:00,btc_mxn,1139599.98,1139600.02,0.0
2024-07-18 18:01:53+00:00,btc_mxn,1139599.98,1139600.02,0.0
2024-07-18 18:01:54+00:00,btc_mxn,1139599.98,1139600.02,0.0
2024-07-18 18:01:55+00:00,btc_mxn,1139599.98,1139600.02,0.0
2024-07-18 18:01:56+00:00,btc_mxn,1139599.98,1139600.02,0.0
2024-07-18 18:01:57+00:00,btc_mxn,1139599.98,1139600.02,0.0
2024-07-18 18:01:58+00:00,btc_mxn,1139599.98,1139600.02,0.0
2024-07-18 18:01:59+00:00,btc_mxn,1139599.98,1139600.02,0.0
2024-07-18 18:02:00+00:00,btc_mxn,1139599.98,1139600.02,0.0
2024-07-18 18:02:01+00:00,btc_mxn,1139599.98,1139600.02,0.0
2024-07-18 18:02:03+00:00,btc_mxn,1139599.98,1139600.02,0.0
2024-07-18 18:02:03+00:00,btc_mxn,1139599.98,1139600.02,0.0
2024-07-18 18:02:04+00:00,btc_mxn,1139599.98,1139600.02,0.0
2024-07-18 18:02:05+00:00,btc_mxn,1139599.98,1139600.02,0.0
2024-07-18 18:02:06+00:00,btc_mxn,1139599.98,1139600.02,0.0
2024-07-18 18:02:07+00:00,btc_mxn,1139599.98,1139600.02,0.0
2024-07-18 18:02:08+00:00,btc_mxn,1139599.98,1139600.02,0.0
2024-07-18 18:02:09+00:00,btc_mxn,1139599.98,1139600.02,0.0
2024-07-18 18:02:10+00:00,btc_mxn,1139599.98,1139600.02,0.0
2024-07-18 18:02:11+00:00,btc_mxn,1139599.98,1139600.02,0.0
2024-07-18 18:02:12+00:00,btc_mxn,1139599.98,1139600.02,0.0
2024-07-18 18:02:13+00:00,btc_mxn,1139599.98,1139600.02,0.0
2024-07-18 18:02:14+00:00,btc_mxn,1139599.98,1139600.02,0.0
2024-07-18 18:02:15+00:00,btc_mxn,1139599.98,1139600.02,0.0
2024-07-18 18:02:17+00:00,btc_mxn,1139599.98,1139600.02,0.0
2024-07-18 18:02:18+00:00,btc_mxn,1139599.98,1139600.02,0.0
2024-07-18 18:02:19+00:00,btc_mxn,1139599.98,1139600.02,0.0
2024-07-18 18:02:20+00:00,btc_mxn,1139599.98,1139600.02,0.0
2024-07-18 18:02:21+00:00,btc_mxn,1139599.98,1139600.02,0.0
2024-07-18 18:02:22+00:00,btc_mxn,1139599.98,1139600.02,0.0
2024-07-18 18:02:23+00:00,btc_mxn,1139599.98,1139600.02,0.0
2024-07-18 18:02:24+00:00,btc_mxn,1139599.98,1139600.02,0.0
2024-07-18 18:02:25+00:00,btc_mxn,1139599.98,1139600.02,0.0
2024-07-18 18:02:26+00:00,btc_mxn,1139599.98,1139600.02,0.0
2024-07-18 18:02:27+00:00,btc_mxn,1139599.98,1139600.02,0.0
2024-07-18 18:02:28+00:00,btc_mxn,1139599.98,1139600.02,0.0
2024-07-18 18:02:29+00:00,btc_mxn,1139599.98,1139600.02,0.0
2024-07-18 18:02:30+00:00,btc_mxn,1139599.98,1139600.02,0.0
2024-07-18 18:02:31+00:00,btc_mxn,1139599.98,1139600.02,0.0
2024-07-18 18:02:32+00:00,btc_mxn,1139599.98,1139600.02,0.0
2024-07-18 18:02:33+00:00,btc_mxn,1139599.98,1139600.02,0.0
2024-07-18 18:02:34+00:00,btc_mxn,1139599.98,1139600.02,0.0
2024-07-18 18:02:35+00:00,btc_mxn,1139599.98,1139600.02,0.0
2024-07-18 18:02:36+00:00,btc_mxn,1139599.98,1139600.02,0.0
2024-07-18 18:02:37+00:00,btc_mxn,1139599.98,1139600.02,0.0
2024-07-18 18:02:38+00:00,btc_mxn,1139599.98,1139600.02,0.0
2024-07-18 18:02:39+00:00,btc_mxn,1139599.98,1139600.02,0.0
2024-07-18 18:02:40+00:00,btc_mxn,1139599.98,1139600.02,0.0
2024-07-18 18:02:41+00:00,btc_mxn,1139599.98,1139600.02,0.0
2024-07-18 18:02:42+00:00,btc_mxn,1139599.98,1139600.02,0.0
2024-07-18 18:02:43+00:00,btc_mxn,1139599.98,1139600.02,0.0
2024-07-18 18:02:44+00:00,btc_mxn,1139599.98,1139600.02,0.0
2024-07-18 18:02:45+00:00,btc_mxn,1139599.98,1139600.02,0.0
2024-07-18 18:02:46+00:00,btc_mxn,1139599.98,1139600.02,0.0
2024-07-18 18:02:47+00:00,btc_mxn,1139599.98,1139600.02,0.0
2024-07-18 18:02:48+00:00,btc_mxn,1139599.98,1139600.02,0.0
2024-07-18 18:02:49+00:00,btc_mxn,1139599.98,1139600.02,0.0
2024-07-18 18:02:50+00:00,btc_mxn,1139599.98,1139600.02,0.0
2024-07-18 18:02:51+00:00,btc_mxn,1139599.98,1139600.02,0.0
2024-07-18 18:02:52+00:00,btc_mxn,1139599.98,1139600.02,0.0
2024-07-18 18:02:53+00:00,btc_mxn,1139599.98,1139600.02,0.0
2024-07-18 18:02:54+00:00,btc_mxn,1139599.98,1139600.02,0.0
2024-07-18 18:02:55+00:00,btc_mxn,1139599.98,1139600.02,0.0
2024-07-18 18:02:56+00:00,btc_mxn,1139599.98,1139600.02,0.0
2024-07-18 18:02:57+00:00,btc_mxn,1139599.98,1139600.02,0.0
2024-07-18 18:02:58+00:00,btc_mxn,1139599.98,1139600.02,0.0
2024-07-18 18:02:59+00:00,btc_mxn,1139599.98,1139600.02,0.0
2024-07-18 18:03:00+00:00,btc_mxn,1139599.98,1139600.02,0.0
2024-07-18 18:03:01+00:00,btc_mxn,1139599.98,1139600.02,0.0
2024-07-18 18:03:02+00:00,btc_mxn,1139599.98,1139600.02,0.0
2024-07-18 18:03:03+00:00,btc_mxn,1139599.98,1139600.02,0.0
2024-07-18 18:03:04+00:00,btc_mxn,1139599.98,1139600.02,0.0
2024-07-18 18:03:06+00:00,btc_mxn,1139599.98,1139600.02,0.0
2024-07-18 18:03:07+00:00,btc_mxn,1139599.98,1139600.02,0.0
2024-07-18 18:03:07+00:00,btc_mxn,1139599.98,1139600.02,0.0
2024-07-18 18:03:09+00:00,btc_mxn,1139599.98,1139600.02,0.0
2024-07-18 18:03:10+00:00,btc_mxn,1139599.98,1139600.02,0.0
2024-07-18 18:03:11+00:00,btc_mxn,1139599.98,1139600.02,0.0
2024-07-18 18:03:12+00:00,btc_mxn,1139599.98,1139600.02,0.0
2024-07-18 18:03:13+00:00,btc_mxn,1139599.98,1139600.02,0.0
2024-07-18 18:03:14+00:00,btc_mxn,1139599.98,1139600.02,0.0
2024-07-18 18:03:15+00:00,btc_mxn,1139599.98,1139600.02,0.0
2024-07-18 18:03:16+00:00,btc_mxn,1139599.98,1139600.02,0.0
2024-07-18 18:03:17+00:00,btc_mxn,1139599.98,1139600.02,0.0
2024-07-18 18:03:18+00:00,btc_mxn,1139599.98,1139600.02,0.0
2024-07-18 18:03:19+00:00,btc_mxn,1139599.98,1139600.02,0.0
2024-07-18 18:03:20+00:00,btc_mxn,1139599.98,1139600.02,0.0
2024-07-18 18:03:21+00:00,btc_mxn,1139599.98,1139600.02,0.0
2024-07-18 18:03:22+00:00,btc_mxn,1139599.98,1139600.02,0.0
2024-07-18 18:03:23+00:00,btc_mxn,1139599.98,1139600.02,0.0
2024-07-18 18:03:24+00:00,btc_mxn,1139599.98,1139600.02,0.0
2024-07-18 18:03:25+00:00,btc_mxn,1139599.98,1139600.02,0.0
2024-07-18 18:03:26+00:00,btc_mxn,1139599.98,1139600.02,0.0
2024-07-18 18:03:27+00:00,btc_mxn,1139599.98,1139600.02,0.0
2024-07-18 18:03:28+00:00,btc_mxn,1139599.98,1139600.02,0.0
2024-07-18 18:03:29+00:00,btc_mxn,1139599.98,1139600.02,0.0
2024-07-18 18:03:30+00:00,btc_mxn,1139599.98,1139600.02,0.0
2024-07-18 18:03:31+00:00,btc_mxn,1139599.98,1139600.02,0.0
2024-07-18 18:03:32+00:00,btc_mxn,1139599.98,1139600.02,0.0
2024-07-18 18:03:33+00:00,btc_mxn,1139599.98,1139600.02,0.0
2024-07-18 18:03:34+00:00,btc_mxn,1139599.98,1139600.02,0.0
2024-07-18 18:03:35+00:00,btc_mxn,1139599.98,1139600.02,0.0
2024-07-18 18:03:36+00:00,btc_mxn,1139599.98,1139600.02,0.0
2024-07-18 18:03:37+00:00,btc_mxn,1139599.98,1139600.02,0.0
2024-07-18 18:03:38+00:00,btc_mxn,1139599.98,1139600.02,0.0
2024-07-18 18:03:39+00:00,btc_mxn,1139599.98,1139600.02,0.0
2024-07-18 18:03:40+00:00,btc_mxn,1139599.98,1139600.02,0.0
2024-07-18 18:03:41+00:00,btc_mxn,1139599.98,1139600.02,0.0
2024-07-18 18:03:42+00:00,btc_mxn,1139599.98,1139600.02,0.0
2024-07-18 18:03:43+00:00,btc_mxn,1139599.98,1139600.02,0.0
2024-07-18 18:03:44+00:00,btc_mxn,1139599.98,1139600.02,0.0
2024-07-18 18:03:45+00:00,btc_mxn,1139599.98,1139600.02,0.0
2024-07-18 18:03:46+00:00,btc_mxn,1139599.98,1139600.02,0.0
2024-07-18 18:03:47+00:00,btc_mxn,1139599.98,1139600.02,0.0
2024-07-18 18:03:48+00:00,btc_mxn,1139599.98,1139600.02,0.0
2024-07-18 18:03:49+00:00,btc_mxn,1139599.98,1139600.02,0.0
2024-07-18 18:03:50+00:00,btc_mxn,1139599.98,1139600.02,0.0
2024-07-18 18:03:51+00:00,btc_mxn,1139599.98,1139600.02,0.0
2024-07-18 18:03:52+00:00,btc_mxn,1139599.98,1139600.02,0.0
2024-07-18 18:03:53+00:00,btc_mxn,1139599.98,1139600.02,0.0
2024-07-18 18:03:54+00:00,btc_mxn,1139599.98,1139600.02,0.0
2024-07-18 18:03:55+00:00,btc_mxn,1139599.98,1139600.02,0.0
2024-07-18 18:03:56+00:00,btc_mxn,1139599.98,1139600.02,0.0
2024-07-18 18:03:57+00:00,btc_mxn,1139599.98,1139600.02,0.0
2024-07-18 18:03:58+00:00,btc_mxn,1139599.98,1139600.02,0.0
2024-07-18 18:03:59+00:00,btc_mxn,1139599.98,1139600.02,0.0
2024-07-18 18:04:00+00:00,btc_mxn,1139599.98,1139600.02,0.0
2024-07-18 18:04:02+00:00,btc_mxn,1139599.98,1139600.02,0.0
2024-07-18 18:04:03+00:00,btc_mxn,1139599.98,1139600.02,0.0
2024-07-18 18:04:04+00:00,btc_mxn,1139599.98,1139600.02,0.0
2024-07-18 18:04:05+00:00,btc_mxn,1139599.98,1139600.02,0.0
2024-07-18 18:04:06+00:00,btc_mxn,1139599.98,1139600.02,0.0
2024-07-18 18:04:07+00:00,btc_mxn,1139599.98,1139600.02,0.0
2024-07-18 18:04:08+00:00,btc_mxn,1139599.98,1139600.02,0.0
2024-07-18 18:04:09+00:00,btc_mxn,1139599.98,1139600.02,0.0
2024-07-18 18:04:10+00:00,btc_mxn,1139599.98,1139600.02,0.0
2024-07-18 18:04:11+00:00,btc_mxn,1139599.98,1139600.02,0.0
2024-07-18 18:04:12+00:00,btc_mxn,1139599.98,1139600.02,0.0
2024-07-18 18:04:13+00:00,btc_mxn,1139599.98,1139600.02,0.0
2024-07-18 18:04:14+00:00,btc_mxn,1139599.98,1139600.02,0.0
2024-07-18 18:04:15+00:00,btc_mxn,1139599.98,1139600.02,0.0
2024-07-18 18:04:16+00:00,btc_mxn,1139599.98,1139600.02,0.0
2024-07-18 18:04:17+00:00,btc_mxn,1139599.98,1139600.02,0.0
2024-07-18 18:04:19+00:00,btc_mxn,1139599.98,1139600.02,0.0
2024-07-18 18:04:20+00:00,btc_mxn,1139599.98,1139600.02,0.0
2024-07-18 18:04:21+00:00,btc_mxn,1139599.98,1139600.02,0.0
2024-07-18 18:04:22+00:00,btc_mxn,1139599.98,1139600.02,0.0
2024-07-18 18:04:23+00:00,btc_mxn,1139599.98,1139600.02,0.0
2024-07-18 18:04:24+00:00,btc_mxn,1139599.98,1139600.02,0.0
2024-07-18 18:04:25+00:00,btc_mxn,1139599.98,1139600.02,0.0
2024-07-18 18:04:26+00:00,btc_mxn,1139599.98,1139600.02,0.0
2024-07-18 18:04:27+00:00,btc_mxn,1139599.98,1139600.02,0.0
2024-07-18 18:04:28+00:00,btc_mxn,1139599.98,1139600.02,0.0
2024-07-18 18:04:29+00:00,btc_mxn,1139599.98,1139600.02,0.0
2024-07-18 18:04:30+00:00,btc_mxn,1139599.98,1139600.02,0.0
2024-07-18 18:04:31+00:00,btc_mxn,1139599.98,1139600.02,0.0
2024-07-18 18:04:32+00:00,btc_mxn,1139599.98,1139600.02,0.0
2024-07-18 18:04:33+00:00,btc_mxn,1139599.98,1139600.02,0.0
2024-07-18 18:04:34+00:00,btc_mxn,1139599.98,1139600.02,0.0
2024-07-18 18:04:35+00:00,btc_mxn,1139599.98,1139600.02,0.0
2024-07-18 18:04:36+00:00,btc_mxn,1139599.98,1139600.02,0.0
2024-07-18 18:04:37+00:00,btc_mxn,1139599.98,1139600.02,0.0
2024-07-18 18:04:38+00:00,btc_mxn,1139599.98,1139600.02,0.0
2024-07-18 18:04:39+00:00,btc_mxn,1139599.98,1139600.02,0.0
2024-07-18 18:04:40+00:00,btc_mxn,1139599.98,1139600.02,0.0
2024-07-18 18:04:41+00:00,btc_mxn,1139599.98,1139600.02,0.0
2024-07-18 18:04:42+00:00,btc_mxn,1139599.98,1139600.02,0.0
2024-07-18 18:04:43+00:00,btc_mxn,1139599.98,1139600.02,0.0
2024-07-18 18:04:44+00:00,btc_mxn,1139599.98,1139600.02,0.0
2024-07-18 18:04:45+00:00,btc_mxn,1139599.98,1139600.02,0.0
2024-07-18 18:04:46+00:00,btc_mxn,1139599.98,1139600.02,0.0
2024-07-18 18:04:47+00:00,btc_mxn,1139599.98,1139600.02,0.0
2024-07-18 18:04:48+00:00,btc_mxn,1139599.98,1139600.02,0.0
2024-07-18 18:04:49+00:00,btc_mxn,1139599.98,1139600.02,0.0
2024-07-18 18:04:50+00:00,btc_mxn,1139599.98,1139600.02,0.0
2024-07-18 18:04:51+00:00,btc_mxn,1139599.98,1139600.02,0.0
2024-07-18 18:04:52+00:00,btc_mxn,1139599.98,1139600.02,0.0
2024-07-18 18:04:53+00:00,btc_mxn,1139599.98,1139600.02,0.0
2024-07-18 18:04:54+00:00,btc_mxn,1139599.98,1139600.02,0.0
2024-07-18 18:04:55+00:00,btc_mxn,1139599.98,1139600.02,0.0
2024-07-18 18:04:56+00:00,btc_mxn,1139599.98,1139600.02,0.0
2024-07-18 18:04:57+00:00,btc_mxn,1139599.98,1139600.02,0.0
2024-07-18 18:04:58+00:00,btc_mxn,1139599.98,1139600.02,0.0
2024-07-18 18:04:59+00:00,btc_mxn,1139599.98,1139600.02,0.0
2024-07-18 18:05:00+00:00,btc_mxn,1139599.98,1139600.02,0.0
2024-07-18 18:05:02+00:00,btc_mxn,1139599.98,1139600.02,0.0
2024-07-18 18:05:03+00:00,btc_mxn,1139599.98,1139600.02,0.0
2024-07-18 18:05:03+00:00,btc_mxn,1139599.98,1139600.02,0.0
2024-07-18 18:05:04+00:00,btc_mxn,1139599.98,1139600.02,0.0
2024-07-18 18:05:06+00:00,btc_mxn,1139599.98,1139600.02,0.0
2024-07-18 18:05:07+00:00,btc_mxn,1139599.98,1139600.02,0.0
2024-07-18 18:05:08+00:00,btc_mxn,1139599.98,1139600.02,0.0
2024-07-18 18:05:09+00:00,btc_mxn,1139599.98,1139600.02,0.0
2024-07-18 18:05:10+00:00,btc_mxn,1139599.98,1139600.02,0.0
2024-07-18 18:05:11+00:00,btc_mxn,1139599.98,1139600.02,0.0
2024-07-18 18:05:12+00:00,btc_mxn,1139599.98,1139600.02,0.0
2024-07-18 18:05:13+00:00,btc_mxn,1139599.98,1139600.02,0.0
2024-07-18 18:05:14+00:00,btc_mxn,1139599.98,1139600.02,0.0
2024-07-18 18:05:15+00:00,btc_mxn,1139599.98,1139600.02,0.0
2024-07-18 18:05:16+00:00,btc_mxn,1139599.98,1139600.02,0.0
2024-07-18 18:05:17+00:00,btc_mxn,1139599.98,1139600.02,0.0
2024-07-18 18:05:18+00:00,btc_mxn,1139599.98,1139600.02,0.0
2024-07-18 18:05:19+00:00,btc_mxn,1139599.98,1139600.02,0.0
2024-07-18 18:05:20+00:00,btc_mxn,1139599.98,1139600.02,0.0
2024-07-18 18:05:21+00:00,btc_mxn,1139599.98,1139600.02,0.0
2024-07-18 18:05:22+00:00,btc_mxn,1139599.98,1139600.02,0.0
2024-07-18 18:05:23+00:00,btc_mxn,1139599.98,1139600.02,0.0
2024-07-18 18:05:24+00:00,btc_mxn,1139599.98,1139600.02,0.0
2024-07-18 18:05:25+00:00,btc_mxn,1139599.98,1139600.02,0.0
2024-07-18 18:05:26+00:00,btc_mxn,1139599.98,1139600.02,0.0
2024-07-18 18:05:27+00:00,btc_mxn,1139599.98,1139600.02,0.0
2024-07-18 18:05:28+00:00,btc_mxn,1139599.98,1139600.02,0.0
2024-07-18 18:05:29+00:00,btc_mxn,1139599.98,1139600.02,0.0
2024-07-18 18:05:30+00:00,btc_mxn,1139599.98,1139600.02,0.0
2024-07-18 18:05:31+00:00,btc_mxn,1139599.98,1139600.02,0.0
2024-07-18 18:05:32+00:00,btc_mxn,1139599.98,1139600.02,0.0
2024-07-18 18:05:33+00:00,btc_mxn,1139990.0,1141430.0,0.126
2024-07-18 18:05:34+00:00,btc_mxn,1140040.0,1141900.0,0.163
2024-07-18 18:05:35+00:00,btc_mxn,1140040.0,1141900.0,0.163
2024-07-18 18:05:36+00:00,btc_mxn,1140040.0,1141900.0,0.163
2024-07-18 18:05:37+00:00,btc_mxn,1140040.0,1141900.0,0.163
2024-07-18 18:05:38+00:00,btc_mxn,1140040.0,1141900.0,0.163
2024-07-18 18:05:39+00:00,btc_mxn,1140040.0,1141900.0,0.163
2024-07-18 18:05:40+00:00,btc_mxn,1140040.0,1141900.0,0.163
2024-07-18 18:05:41+00:00,btc_mxn,1140040.0,1141900.0,0.163
2024-07-18 18:05:42+00:00,btc_mxn,1140040.0,1141900.0,0.163
2024-07-18 18:05:43+00:00,btc_mxn,1140040.0,1141900.0,0.163
2024-07-18 18:05:44+00:00,btc_mxn,1140040.0,1141900.0,0.163
2024-07-18 18:05:45+00:00,btc_mxn,1140040.0,1141900.0,0.163
2024-07-18 18:05:46+00:00,btc_mxn,1140040.0,1141900.0,0.163
2024-07-18 18:05:47+00:00,btc_mxn,1140040.0,1141900.0,0.163
2024-07-18 18:05:48+00:00,btc_mxn,1140040.0,1141900.0,0.163
2024-07-18 18:05:49+00:00,btc_mxn,1140040.0,1141900.0,0.163
2024-07-18 18:05:50+00:00,btc_mxn,1139600.0,1141900.0,0.201
2024-07-18 18:05:51+00:00,btc_mxn,1139600.0,1141370.0,0.155
2024-07-18 18:05:52+00:00,btc_mxn,1139600.0,1141370.0,0.155
2024-07-18 18:05:53+00:00,btc_mxn,1139600.0,1141370.0,0.155
2024-07-18 18:05:54+00:00,btc_mxn,1139600.0,1141370.0,0.155
2024-07-18 18:05:55+00:00,btc_mxn,1139600.0,1141370.0,0.155
2024-07-18 18:05:56+00:00,btc_mxn,1139600.0,1141370.0,0.155
2024-07-18 18:05:57+00:00,btc_mxn,1139600.0,1141370.0,0.155
2024-07-18 18:05:58+00:00,btc_mxn,1139600.0,1141370.0,0.155
2024-07-18 18:05:59+00:00,btc_mxn,1139600.0,1141370.0,0.155
2024-07-18 18:06:00+00:00,btc_mxn,1139600.0,1141370.0,0.155
2024-07-18 18:06:01+00:00,btc_mxn,1139600.0,1141370.0,0.155
2024-07-18 18:06:02+00:00,btc_mxn,1139600.0,1141370.0,0.155
2024-07-18 18:06:04+00:00,btc_mxn,1141999.98,1142000.0,0.0
2024-07-18 18:06:05+00:00,btc_mxn,1141999.98,1142000.0,0.0
2024-07-18 18:06:06+00:00,btc_mxn,1141999.98,1142000.0,0.0
2024-07-18 18:06:07+00:00,btc_mxn,1141999.98,1142000.0,0.0
2024-07-18 18:06:08+00:00,btc_mxn,1141999.98,1142000.0,0.0
2024-07-18 18:06:09+00:00,btc_mxn,1141999.98,1142000.0,0.0
2024-07-18 18:06:10+00:00,btc_mxn,1141999.98,1142000.0,0.0
2024-07-18 18:06:11+00:00,btc_mxn,1141999.98,1142000.0,0.0
2024-07-18 18:06:12+00:00,btc_mxn,1141999.98,1142000.0,0.0
2024-07-18 18:06:13+00:00,btc_mxn,1141999.98,1142000.0,0.0
2024-07-18 18:06:14+00:00,btc_mxn,1141999.98,1142000.0,0.0
2024-07-18 18:06:15+00:00,btc_mxn,1141999.98,1142000.0,0.0
2024-07-18 18:06:16+00:00,btc_mxn,1141999.98,1142000.0,0.0
2024-07-18 18:06:17+00:00,btc_mxn,1141999.98,1142000.0,0.0
2024-07-18 18:06:18+00:00,btc_mxn,1141999.98,1142000.0,0.0
2024-07-18 18:06:19+00:00,btc_mxn,1141999.98,1142000.0,0.0
2024-07-18 18:06:20+00:00,btc_mxn,1141999.98,1142000.0,0.0
2024-07-18 18:06:21+00:00,btc_mxn,1141999.98,1142000.0,0.0
2024-07-18 18:06:22+00:00,btc_mxn,1141999.98,1142000.0,0.0
2024-07-18 18:06:23+00:00,btc_mxn,1141999.98,1142000.0,0.0
2024-07-18 18:06:24+00:00,btc_mxn,1141999.98,1142000.0,0.0
2024-07-18 18:06:25+00:00,btc_mxn,1141999.98,1142000.0,0.0
2024-07-18 18:06:26+00:00,btc_mxn,1141999.98,1142000.0,0.0
2024-07-18 18:06:27+00:00,btc_mxn,1141999.98,1142000.0,0.0
2024-07-18 18:06:28+00:00,btc_mxn,1141999.98,1142000.0,0.0
2024-07-18 18:06:29+00:00,btc_mxn,1141999.98,1142000.0,0.0
2024-07-18 18:06:30+00:00,btc_mxn,1141999.98,1142000.0,0.0
2024-07-18 18:06:31+00:00,btc_mxn,1141999.98,1142000.0,0.0
2024-07-18 18:06:32+00:00,btc_mxn,1141999.98,1142000.0,0.0
2024-07-18 18:06:33+00:00,btc_mxn,1141999.98,1142000.0,0.0
2024-07-18 18:06:34+00:00,btc_mxn,1141999.98,1142000.0,0.0
2024-07-18 18:06:35+00:00,btc_mxn,1141999.98,1142000.0,0.0
2024-07-18 18:06:36+00:00,btc_mxn,1141999.98,1142000.02,0.0
2024-07-18 18:06:37+00:00,btc_mxn,1141999.98,1142000.02,0.0
2024-07-18 18:06:38+00:00,btc_mxn,1141999.98,1142000.02,0.0
2024-07-18 18:06:39+00:00,btc_mxn,1141999.98,1142000.02,0.0
2024-07-18 18:06:40+00:00,btc_mxn,1141999.98,1142000.02,0.0
2024-07-18 18:06:41+00:00,btc_mxn,1141999.98,1142000.02,0.0
2024-07-18 18:06:42+00:00,btc_mxn,1141999.98,1142000.02,0.0
2024-07-18 18:06:43+00:00,btc_mxn,1141999.98,1142000.02,0.0
2024-07-18 18:06:44+00:00,btc_mxn,1141999.98,1142000.02,0.0
2024-07-18 18:06:45+00:00,btc_mxn,1141999.98,1142000.02,0.0
2024-07-18 18:06:46+00:00,btc_mxn,1141999.98,1142000.02,0.0
2024-07-18 18:06:47+00:00,btc_mxn,1141999.98,1142000.02,0.0
2024-07-18 18:06:48+00:00,btc_mxn,1141999.98,1142000.02,0.0
2024-07-18 18:06:49+00:00,btc_mxn,1141999.98,1142000.02,0.0
2024-07-18 18:06:50+00:00,btc_mxn,1141999.98,1142000.02,0.0
2024-07-18 18:06:51+00:00,btc_mxn,1141999.98,1142000.02,0.0
2024-07-18 18:06:52+00:00,btc_mxn,1141999.98,1142000.02,0.0
2024-07-18 18:06:53+00:00,btc_mxn,1141999.98,1142000.02,0.0
2024-07-18 18:06:54+00:00,btc_mxn,1141999.98,1142000.02,0.0
2024-07-18 18:06:55+00:00,btc_mxn,1141999.98,1142000.02,0.0
2024-07-18 18:06:56+00:00,btc_mxn,1141999.98,1142000.02,0.0
2024-07-18 18:06:57+00:00,btc_mxn,1141999.98,1142000.02,0.0
2024-07-18 18:06:58+00:00,btc_mxn,1141999.98,1142000.02,0.0
2024-07-18 18:06:59+00:00,btc_mxn,1141999.98,1142000.02,0.0
2024-07-18 18:07:00+00:00,btc_mxn,1141999.98,1142000.02,0.0
2024-07-18 18:07:01+00:00,btc_mxn,1141999.98,1142000.02,0.0
2024-07-18 18:07:02+00:00,btc_mxn,1141999.98,1142000.02,0.0
2024-07-18 18:07:03+00:00,btc_mxn,1141999.98,1142000.02,0.0
2024-07-18 18:07:04+00:00,btc_mxn,1141999.98,1142000.02,0.0
2024-07-18 18:07:05+00:00,btc_mxn,1141999.98,1142000.02,0.0
2024-07-18 18:07:06+00:00,btc_mxn,1141999.98,1142000.02,0.0
2024-07-18 18:07:07+00:00,btc_mxn,1141999.98,1142000.02,0.0
2024-07-18 18:07:09+00:00,btc_mxn,1141999.98,1142000.02,0.0
2024-07-18 18:07:10+00:00,btc_mxn,1141999.98,1142000.02,0.0
2024-07-18 18:07:11+00:00,btc_mxn,1141999.98,1142000.02,0.0
2024-07-18 18:07:12+00:00,btc_mxn,1141999.98,1142000.02,0.0
2024-07-18 18:07:13+00:00,btc_mxn,1141999.98,1142000.02,0.0
2024-07-18 18:07:14+00:00,btc_mxn,1141999.98,1142000.02,0.0
2024-07-18 18:07:15+00:00,btc_mxn,1141999.98,1142000.02,0.0
2024-07-18 18:07:16+00:00,btc_mxn,1141999.98,1142000.02,0.0
2024-07-18 18:07:17+00:00,btc_mxn,1141999.98,1142000.02,0.0
2024-07-18 18:07:18+00:00,btc_mxn,1141999.98,1142000.02,0.0
2024-07-18 18:07:19+00:00,btc_mxn,1141999.98,1142000.02,0.0
2024-07-18 18:07:20+00:00,btc_mxn,1141999.98,1142000.02,0.0
2024-07-18 18:07:21+00:00,btc_mxn,1141999.98,1142000.02,0.0
2024-07-18 18:07:22+00:00,btc_mxn,1141999.98,1142000.02,0.0
2024-07-18 18:07:23+00:00,btc_mxn,1141999.98,1142000.02,0.0
2024-07-18 18:07:24+00:00,btc_mxn,1141999.98,1142000.02,0.0
2024-07-18 18:07:25+00:00,btc_mxn,1141999.98,1142000.02,0.0
2024-07-18 18:07:26+00:00,btc_mxn,1141999.98,1142000.02,0.0
2024-07-18 18:07:27+00:00,btc_mxn,1141999.98,1142000.02,0.0
2024-07-18 18:07:28+00:00,btc_mxn,1141999.98,1142000.02,0.0
2024-07-18 18:07:29+00:00,btc_mxn,1141999.98,1142000.02,0.0
2024-07-18 18:07:30+00:00,btc_mxn,1141999.98,1142000.02,0.0
2024-07-18 18:07:31+00:00,btc_mxn,1141999.98,1142000.02,0.0
2024-07-18 18:07:32+00:00,btc_mxn,1141999.98,1142000.02,0.0
