orderbook_timestamp,book,bid,ask,spread
2024-07-18 13:41:45+00:00,btc_mxn,1152739.98,1152740.02,0.0
2024-07-18 13:41:46+00:00,btc_mxn,1152739.98,1152740.02,0.0
2024-07-18 13:41:47+00:00,btc_mxn,1152739.98,1152740.02,0.0
2024-07-18 13:41:48+00:00,btc_mxn,1152739.98,1152740.02,0.0
2024-07-18 13:41:49+00:00,btc_mxn,1152739.98,1152740.02,0.0
2024-07-18 13:41:50+00:00,btc_mxn,1152739.98,1152740.02,0.0
2024-07-18 13:41:51+00:00,btc_mxn,1152739.98,1152740.02,0.0
2024-07-18 13:41:53+00:00,btc_mxn,1152739.98,1152740.02,0.0
2024-07-18 13:41:54+00:00,btc_mxn,1152739.98,1152740.02,0.0
2024-07-18 13:41:55+00:00,btc_mxn,1152739.98,1152740.02,0.0
2024-07-18 13:41:56+00:00,btc_mxn,1152739.98,1152740.02,0.0
2024-07-18 13:41:57+00:00,btc_mxn,1152739.98,1152740.02,0.0
2024-07-18 13:41:58+00:00,btc_mxn,1152739.98,1152740.02,0.0
2024-07-18 13:41:59+00:00,btc_mxn,1152739.98,1152740.02,0.0
2024-07-18 13:42:00+00:00,btc_mxn,1152739.98,1152740.02,0.0
2024-07-18 13:42:01+00:00,btc_mxn,1152739.98,1152740.02,0.0
2024-07-18 13:42:02+00:00,btc_mxn,1152739.98,1152740.02,0.0
2024-07-18 13:42:03+00:00,btc_mxn,1152739.98,1152740.02,0.0
2024-07-18 13:42:04+00:00,btc_mxn,1152739.98,1152740.02,0.0
2024-07-18 13:42:05+00:00,btc_mxn,1152739.98,1152740.02,0.0
2024-07-18 13:42:06+00:00,btc_mxn,1152739.98,1152740.02,0.0
2024-07-18 13:42:07+00:00,btc_mxn,1152739.98,1152740.02,0.0
2024-07-18 13:42:08+00:00,btc_mxn,1152739.98,1152740.02,0.0
2024-07-18 13:42:09+00:00,btc_mxn,1152739.98,1152740.02,0.0
2024-07-18 13:42:10+00:00,btc_mxn,1152739.98,1152740.02,0.0
2024-07-18 13:42:11+00:00,btc_mxn,1152739.98,1152740.02,0.0
2024-07-18 13:42:12+00:00,btc_mxn,1152739.98,1152740.02,0.0
2024-07-18 13:42:13+00:00,btc_mxn,1149720.0,1152050.0,0.202
2024-07-18 13:42:14+00:00,btc_mxn,1149720.0,1152050.0,0.202
2024-07-18 13:42:15+00:00,btc_mxn,1149720.0,1151230.0,0.131
2024-07-18 13:42:16+00:00,btc_mxn,1149720.0,1151230.0,0.131
2024-07-18 13:42:17+00:00,btc_mxn,1149720.0,1151230.0,0.131
2024-07-18 13:42:18+00:00,btc_mxn,1149720.0,1151230.0,0.131
2024-07-18 13:42:19+00:00,btc_mxn,1149720.0,1151230.0,0.131
2024-07-18 13:42:20+00:00,btc_mxn,1149720.0,1151230.0,0.131
2024-07-18 13:42:21+00:00,btc_mxn,1149720.0,1151230.0,0.131
2024-07-18 13:42:22+00:00,btc_mxn,1149720.0,1151230.0,0.131
2024-07-18 13:42:23+00:00,btc_mxn,1149720.0,1151230.0,0.131
2024-07-18 13:42:24+00:00,btc_mxn,1149720.0,1151230.0,0.131
2024-07-18 13:42:25+00:00,btc_mxn,1149720.0,1151230.0,0.131
2024-07-18 13:42:26+00:00,btc_mxn,1149720.0,1151230.0,0.131
2024-07-18 13:42:27+00:00,btc_mxn,1149720.0,1151230.0,0.131
2024-07-18 13:42:28+00:00,btc_mxn,1149720.0,1151230.0,0.131
2024-07-18 13:42:29+00:00,btc_mxn,1149720.0,1151230.0,0.131
2024-07-18 13:42:30+00:00,btc_mxn,1149720.0,1151230.0,0.131
2024-07-18 13:42:31+00:00,btc_mxn,1149720.0,1151230.0,0.131
2024-07-18 13:42:32+00:00,btc_mxn,1149720.0,1151230.0,0.131
2024-07-18 13:42:33+00:00,btc_mxn,1149720.0,1151230.0,0.131
2024-07-18 13:42:34+00:00,btc_mxn,1149720.0,1151230.0,0.131
2024-07-18 13:42:35+00:00,btc_mxn,1149720.0,1151230.0,0.131
2024-07-18 13:42:36+00:00,btc_mxn,1149720.0,1151230.0,0.131
2024-07-18 13:42:37+00:00,btc_mxn,1149720.0,1151230.0,0.131
2024-07-18 13:42:38+00:00,btc_mxn,1149720.0,1151230.0,0.131
2024-07-18 13:42:39+00:00,btc_mxn,1149720.0,1151230.0,0.131
2024-07-18 13:42:40+00:00,btc_mxn,1149720.0,1151230.0,0.131
2024-07-18 13:42:41+00:00,btc_mxn,1149720.0,1151230.0,0.131
2024-07-18 13:42:42+00:00,btc_mxn,1149720.0,1151230.0,0.131
2024-07-18 13:42:43+00:00,btc_mxn,1149720.0,1151230.0,0.131
2024-07-18 13:42:44+00:00,btc_mxn,1149720.0,1151230.0,0.131
2024-07-18 13:42:45+00:00,btc_mxn,1149720.0,1151230.0,0.131
2024-07-18 13:42:46+00:00,btc_mxn,1149720.0,1151230.0,0.131
2024-07-18 13:42:47+00:00,btc_mxn,1149720.0,1151230.0,0.131
2024-07-18 13:42:48+00:00,btc_mxn,1149720.0,1151230.0,0.131
2024-07-18 13:42:49+00:00,btc_mxn,1149720.0,1151230.0,0.131
2024-07-18 13:42:50+00:00,btc_mxn,1149720.0,1151230.0,0.131
2024-07-18 13:42:51+00:00,btc_mxn,1149720.0,1151230.0,0.131
2024-07-18 13:42:52+00:00,btc_mxn,1149720.0,1151230.0,0.131
2024-07-18 13:42:53+00:00,btc_mxn,1149720.0,1151230.0,0.131
2024-07-18 13:42:55+00:00,btc_mxn,1149720.0,1151230.0,0.131
2024-07-18 13:42:56+00:00,btc_mxn,1149720.0,1151230.0,0.131
2024-07-18 13:42:57+00:00,btc_mxn,1149720.0,1151230.0,0.131
2024-07-18 13:42:58+00:00,btc_mxn,1149720.0,1151230.0,0.131
2024-07-18 13:42:59+00:00,btc_mxn,1149720.0,1151230.0,0.131
2024-07-18 13:43:00+00:00,btc_mxn,1149720.0,1150700.0,0.085
2024-07-18 13:43:01+00:00,btc_mxn,1149720.0,1150700.0,0.085
2024-07-18 13:43:02+00:00,btc_mxn,1149720.0,1150700.0,0.085
2024-07-18 13:43:03+00:00,btc_mxn,1149720.0,1150700.0,0.085
2024-07-18 13:43:04+00:00,btc_mxn,1149720.0,1151230.0,0.131
2024-07-18 13:43:05+00:00,btc_mxn,1149720.0,1151230.0,0.131
2024-07-18 13:43:06+00:00,btc_mxn,1149720.0,1150550.0,0.072
2024-07-18 13:43:07+00:00,btc_mxn,1149720.0,1150550.0,0.072
2024-07-18 13:43:08+00:00,btc_mxn,1149720.0,1150550.0,0.072
2024-07-18 13:43:09+00:00,btc_mxn,1149720.0,1150550.0,0.072
2024-07-18 13:43:10+00:00,btc_mxn,1149720.0,1150550.0,0.072
2024-07-18 13:43:11+00:00,btc_mxn,1149720.0,1150550.0,0.072
2024-07-18 13:43:12+00:00,btc_mxn,1149720.0,1150550.0,0.072
2024-07-18 13:43:13+00:00,btc_mxn,1149720.0,1150550.0,0.072
2024-07-18 13:43:14+00:00,btc_mxn,1149720.0,1150550.0,0.072
2024-07-18 13:43:15+00:00,btc_mxn,1149720.0,1150550.0,0.072
2024-07-18 13:43:16+00:00,btc_mxn,1149720.0,1150550.0,0.072
2024-07-18 13:43:17+00:00,btc_mxn,1149720.0,1150550.0,0.072
2024-07-18 13:43:18+00:00,btc_mxn,1149720.0,1150550.0,0.072
2024-07-18 13:43:19+00:00,btc_mxn,1149720.0,1150550.0,0.072
2024-07-18 13:43:20+00:00,btc_mxn,1149720.0,1150550.0,0.072
2024-07-18 13:43:21+00:00,btc_mxn,1149720.0,1150550.0,0.072
2024-07-18 13:43:22+00:00,btc_mxn,1149720.0,1150550.0,0.072
2024-07-18 13:43:23+00:00,btc_mxn,1149720.0,1150520.0,0.07
2024-07-18 13:43:24+00:00,btc_mxn,1149720.0,1150520.0,0.07
2024-07-18 13:43:25+00:00,btc_mxn,1149720.0,1150520.0,0.07
2024-07-18 13:43:26+00:00,btc_mxn,1149720.0,1150520.0,0.07
2024-07-18 13:43:27+00:00,btc_mxn,1149720.0,1150520.0,0.07
2024-07-18 13:43:28+00:00,btc_mxn,1149720.0,1150520.0,0.07
2024-07-18 13:43:29+00:00,btc_mxn,1149720.0,1150520.0,0.07
2024-07-18 13:43:30+00:00,btc_mxn,1149720.0,1150520.0,0.07
2024-07-18 13:43:31+00:00,btc_mxn,1149720.0,1150520.0,0.07
2024-07-18 13:43:35+00:00,btc_mxn,1149720.0,1150520.0,0.07
2024-07-18 13:43:36+00:00,btc_mxn,1149720.0,1150520.0,0.07
2024-07-18 13:43:37+00:00,btc_mxn,1149720.0,1150520.0,0.07
2024-07-18 13:43:38+00:00,btc_mxn,1149720.0,1150520.0,0.07
2024-07-18 13:43:39+00:00,btc_mxn,1149720.0,1150520.0,0.07
2024-07-18 13:43:40+00:00,btc_mxn,1149720.0,1150520.0,0.07
2024-07-18 13:43:42+00:00,btc_mxn,1149720.0,1150520.0,0.07
2024-07-18 13:43:42+00:00,btc_mxn,1149720.0,1150520.0,0.07
2024-07-18 13:43:44+00:00,btc_mxn,1149720.0,1150520.0,0.07
2024-07-18 13:43:45+00:00,btc_mxn,1149720.0,1150520.0,0.07
2024-07-18 13:43:46+00:00,btc_mxn,1149720.0,1150520.0,0.07
2024-07-18 13:43:47+00:00,btc_mxn,1149720.0,1150520.0,0.07
2024-07-18 13:43:48+00:00,btc_mxn,1149720.0,1150520.0,0.07
2024-07-18 13:43:49+00:00,btc_mxn,1149720.0,1150520.0,0.07
2024-07-18 13:43:50+00:00,btc_mxn,1149720.0,1150520.0,0.07
2024-07-18 13:43:51+00:00,btc_mxn,1149720.0,1150520.0,0.07
2024-07-18 13:43:52+00:00,btc_mxn,1149720.0,1150520.0,0.07
2024-07-18 13:43:53+00:00,btc_mxn,1149720.0,1150520.0,0.07
2024-07-18 13:43:54+00:00,btc_mxn,1149720.0,1150520.0,0.07
2024-07-18 13:43:55+00:00,btc_mxn,1149720.0,1150520.0,0.07
2024-07-18 13:43:56+00:00,btc_mxn,1149720.0,1150520.0,0.07
2024-07-18 13:43:57+00:00,btc_mxn,1149720.0,1150520.0,0.07
2024-07-18 13:43:58+00:00,btc_mxn,1149720.0,1150520.0,0.07
2024-07-18 13:43:59+00:00,btc_mxn,1149720.0,1150520.0,0.07
2024-07-18 13:44:00+00:00,btc_mxn,1149720.0,1149970.0,0.022
2024-07-18 13:44:01+00:00,btc_mxn,1149720.0,1149970.0,0.022
2024-07-18 13:44:02+00:00,btc_mxn,1149720.0,1149970.0,0.022
2024-07-18 13:44:03+00:00,btc_mxn,1149720.0,1149970.0,0.022
2024-07-18 13:44:04+00:00,btc_mxn,1149720.0,1149970.0,0.022
2024-07-18 13:44:05+00:00,btc_mxn,1149720.0,1149970.0,0.022
2024-07-18 13:44:06+00:00,btc_mxn,1149290.0,1149970.0,0.059
2024-07-18 13:44:07+00:00,btc_mxn,1149290.0,1149970.0,0.059
2024-07-18 13:44:08+00:00,btc_mxn,1149290.0,1149970.0,0.059
2024-07-18 13:44:09+00:00,btc_mxn,1149290.0,1149970.0,0.059
2024-07-18 13:44:10+00:00,btc_mxn,1149290.0,1149970.0,0.059
2024-07-18 13:44:11+00:00,btc_mxn,1149290.0,1149970.0,0.059
2024-07-18 13:44:12+00:00,btc_mxn,1149290.0,1149970.0,0.059
2024-07-18 13:44:13+00:00,btc_mxn,1149290.0,1149970.0,0.059
2024-07-18 13:44:14+00:00,btc_mxn,1149290.0,1149970.0,0.059
2024-07-18 13:44:15+00:00,btc_mxn,1149290.0,1149970.0,0.059
2024-07-18 13:44:16+00:00,btc_mxn,1149290.0,1149970.0,0.059
2024-07-18 13:44:17+00:00,btc_mxn,1149290.0,1149970.0,0.059
2024-07-18 13:44:18+00:00,btc_mxn,1149290.0,1149970.0,0.059
2024-07-18 13:44:19+00:00,btc_mxn,1149290.0,1149970.0,0.059
2024-07-18 13:44:20+00:00,btc_mxn,1149290.0,1149560.0,0.023
2024-07-18 13:44:21+00:00,btc_mxn,1149290.0,1149560.0,0.023
2024-07-18 13:44:22+00:00,btc_mxn,1149290.0,1149560.0,0.023
2024-07-18 13:44:23+00:00,btc_mxn,1149290.0,1149560.0,0.023
2024-07-18 13:44:24+00:00,btc_mxn,1149290.0,1149560.0,0.023
2024-07-18 13:44:25+00:00,btc_mxn,1149290.0,1149560.0,0.023
2024-07-18 13:44:26+00:00,btc_mxn,1149290.0,1149560.0,0.023
2024-07-18 13:44:27+00:00,btc_mxn,1149290.0,1149560.0,0.023
2024-07-18 13:44:28+00:00,btc_mxn,1149290.0,1149560.0,0.023
2024-07-18 13:44:29+00:00,btc_mxn,1149290.0,1149560.0,0.023
2024-07-18 13:44:30+00:00,btc_mxn,1149290.0,1149560.0,0.023
2024-07-18 13:44:31+00:00,btc_mxn,1149290.0,1149560.0,0.023
2024-07-18 13:44:32+00:00,btc_mxn,1149290.0,1149560.0,0.023
2024-07-18 13:44:33+00:00,btc_mxn,1149290.0,1149560.0,0.023
2024-07-18 13:44:34+00:00,btc_mxn,1149290.0,1149560.0,0.023
2024-07-18 13:44:35+00:00,btc_mxn,1149290.0,1149560.0,0.023
2024-07-18 13:44:36+00:00,btc_mxn,1149290.0,1149560.0,0.023
2024-07-18 13:44:37+00:00,btc_mxn,1149290.0,1149560.0,0.023
2024-07-18 13:44:38+00:00,btc_mxn,1149290.0,1149560.0,0.023
2024-07-18 13:44:39+00:00,btc_mxn,1149290.0,1149560.0,0.023
2024-07-18 13:44:40+00:00,btc_mxn,1149290.0,1149560.0,0.023
2024-07-18 13:44:41+00:00,btc_mxn,1149290.0,1149560.0,0.023
2024-07-18 13:44:42+00:00,btc_mxn,1149290.0,1149560.0,0.023
2024-07-18 13:44:43+00:00,btc_mxn,1149290.0,1149560.0,0.023
2024-07-18 13:44:44+00:00,btc_mxn,1149290.0,1149560.0,0.023
2024-07-18 13:44:45+00:00,btc_mxn,1149290.0,1149560.0,0.023
2024-07-18 13:44:46+00:00,btc_mxn,1149290.0,1149560.0,0.023
2024-07-18 13:44:47+00:00,btc_mxn,1149290.0,1149560.0,0.023
2024-07-18 13:44:49+00:00,btc_mxn,1149290.0,1149560.0,0.023
2024-07-18 13:44:50+00:00,btc_mxn,1149290.0,1149560.0,0.023
2024-07-18 13:44:51+00:00,btc_mxn,1149290.0,1149560.0,0.023
2024-07-18 13:44:52+00:00,btc_mxn,1149290.0,1149560.0,0.023
2024-07-18 13:44:53+00:00,btc_mxn,1149290.0,1149560.0,0.023
2024-07-18 13:44:54+00:00,btc_mxn,1149290.0,1149560.0,0.023
2024-07-18 13:44:55+00:00,btc_mxn,1149290.0,1149560.0,0.023
2024-07-18 13:44:56+00:00,btc_mxn,1149290.0,1149560.0,0.023
2024-07-18 13:44:57+00:00,btc_mxn,1149290.0,1149560.0,0.023
2024-07-18 13:44:58+00:00,btc_mxn,1149290.0,1149560.0,0.023
2024-07-18 13:44:59+00:00,btc_mxn,1149290.0,1149560.0,0.023
2024-07-18 13:45:00+00:00,btc_mxn,1149290.0,1149560.0,0.023
2024-07-18 13:45:01+00:00,btc_mxn,1149290.0,1149560.0,0.023
2024-07-18 13:45:02+00:00,btc_mxn,1149290.0,1149560.0,0.023
2024-07-18 13:45:03+00:00,btc_mxn,1149290.0,1149560.0,0.023
2024-07-18 13:45:04+00:00,btc_mxn,1149290.0,1149560.0,0.023
2024-07-18 13:45:05+00:00,btc_mxn,1149290.0,1149560.0,0.023
2024-07-18 13:45:06+00:00,btc_mxn,1149290.0,1149560.0,0.023
2024-07-18 13:45:07+00:00,btc_mxn,1149290.0,1149560.0,0.023
2024-07-18 13:45:08+00:00,btc_mxn,1149290.0,1149560.0,0.023
2024-07-18 13:45:09+00:00,btc_mxn,1149290.0,1149560.0,0.023
2024-07-18 13:45:10+00:00,btc_mxn,1149290.0,1149560.0,0.023
2024-07-18 13:45:11+00:00,btc_mxn,1149290.0,1149560.0,0.023
2024-07-18 13:45:12+00:00,btc_mxn,1149290.0,1149560.0,0.023
2024-07-18 13:45:13+00:00,btc_mxn,1149290.0,1149560.0,0.023
2024-07-18 13:45:14+00:00,btc_mxn,1149290.0,1149560.0,0.023
2024-07-18 13:45:15+00:00,btc_mxn,1149290.0,1149560.0,0.023
2024-07-18 13:45:16+00:00,btc_mxn,1149290.0,1149560.0,0.023
2024-07-18 13:45:17+00:00,btc_mxn,1148610.0,1148760.0,0.013
2024-07-18 13:45:18+00:00,btc_mxn,1148610.0,1148760.0,0.013
2024-07-18 13:45:19+00:00,btc_mxn,1148610.0,1148760.0,0.013
2024-07-18 13:45:20+00:00,btc_mxn,1148610.0,1148760.0,0.013
2024-07-18 13:45:21+00:00,btc_mxn,1148610.0,1148760.0,0.013
2024-07-18 13:45:22+00:00,btc_mxn,1148610.0,1148760.0,0.013
2024-07-18 13:45:23+00:00,btc_mxn,1148610.0,1148760.0,0.013
2024-07-18 13:45:24+00:00,btc_mxn,1148610.0,1148760.0,0.013
2024-07-18 13:45:25+00:00,btc_mxn,1148610.0,1148760.0,0.013
2024-07-18 13:45:26+00:00,btc_mxn,1148610.0,1148760.0,0.013
2024-07-18 13:45:27+00:00,btc_mxn,1148610.0,1148760.0,0.013
2024-07-18 13:45:28+00:00,btc_mxn,1148610.0,1148760.0,0.013
2024-07-18 13:45:29+00:00,btc_mxn,1148610.0,1148760.0,0.013
2024-07-18 13:45:30+00:00,btc_mxn,1148610.0,1148760.0,0.013
2024-07-18 13:45:31+00:00,btc_mxn,1148610.0,1148760.0,0.013
2024-07-18 13:45:32+00:00,btc_mxn,1148610.0,1148760.0,0.013
2024-07-18 13:45:33+00:00,btc_mxn,1148610.0,1148760.0,0.013
2024-07-18 13:45:34+00:00,btc_mxn,1148610.0,1148760.0,0.013
2024-07-18 13:45:35+00:00,btc_mxn,1148610.0,1148760.0,0.013
2024-07-18 13:45:36+00:00,btc_mxn,1148610.0,1148760.0,0.013
2024-07-18 13:45:38+00:00,btc_mxn,1148610.0,1148760.0,0.013
2024-07-18 13:45:39+00:00,btc_mxn,1148610.0,1148760.0,0.013
2024-07-18 13:45:40+00:00,btc_mxn,1148610.0,1148760.0,0.013
2024-07-18 13:45:41+00:00,btc_mxn,1148610.0,1148760.0,0.013
2024-07-18 13:45:42+00:00,btc_mxn,1148610.0,1148760.0,0.013
2024-07-18 13:45:43+00:00,btc_mxn,1148610.0,1148760.0,0.013
2024-07-18 13:45:44+00:00,btc_mxn,1148610.0,1148760.0,0.013
2024-07-18 13:45:45+00:00,btc_mxn,1148610.0,1148760.0,0.013
2024-07-18 13:45:46+00:00,btc_mxn,1148610.0,1148760.0,0.013
2024-07-18 13:45:47+00:00,btc_mxn,1148610.0,1148760.0,0.013
2024-07-18 13:45:48+00:00,btc_mxn,1148610.0,1148760.0,0.013
2024-07-18 13:45:49+00:00,btc_mxn,1148610.0,1148760.0,0.013
2024-07-18 13:45:50+00:00,btc_mxn,1148610.0,1148760.0,0.013
2024-07-18 13:45:51+00:00,btc_mxn,1148610.0,1148760.0,0.013
2024-07-18 13:45:52+00:00,btc_mxn,1148610.0,1148760.0,0.013
2024-07-18 13:45:53+00:00,btc_mxn,1148610.0,1148760.0,0.013
2024-07-18 13:45:54+00:00,btc_mxn,1148610.0,1148760.0,0.013
2024-07-18 13:45:55+00:00,btc_mxn,1148610.0,1148760.0,0.013
2024-07-18 13:45:56+00:00,btc_mxn,1148610.0,1148760.0,0.013
2024-07-18 13:45:57+00:00,btc_mxn,1148610.0,1148760.0,0.013
2024-07-18 13:45:58+00:00,btc_mxn,1148610.0,1148760.0,0.013
2024-07-18 13:45:59+00:00,btc_mxn,1148610.0,1149560.0,0.083
2024-07-18 13:46:00+00:00,btc_mxn,1148610.0,1149560.0,0.083
2024-07-18 13:46:01+00:00,btc_mxn,1148610.0,1149560.0,0.083
2024-07-18 13:46:02+00:00,btc_mxn,1148610.0,1149560.0,0.083
2024-07-18 13:46:03+00:00,btc_mxn,1148610.0,1149560.0,0.083
2024-07-18 13:46:04+00:00,btc_mxn,1148610.0,1149560.0,0.083
2024-07-18 13:46:05+00:00,btc_mxn,1148610.0,1149560.0,0.083
2024-07-18 13:46:06+00:00,btc_mxn,1147479.98,1147480.02,0.0
2024-07-18 13:46:07+00:00,btc_mxn,1147479.98,1147480.02,0.0
2024-07-18 13:46:08+00:00,btc_mxn,1147479.98,1147480.02,0.0
2024-07-18 13:46:09+00:00,btc_mxn,1147479.98,1147480.02,0.0
2024-07-18 13:46:10+00:00,btc_mxn,1147479.98,1147480.02,0.0
2024-07-18 13:46:11+00:00,btc_mxn,1147479.98,1147480.02,0.0
2024-07-18 13:46:12+00:00,btc_mxn,1147479.98,1147480.02,0.0
2024-07-18 13:46:13+00:00,btc_mxn,1147479.98,1147480.02,0.0
2024-07-18 13:46:14+00:00,btc_mxn,1147479.98,1147480.02,0.0
2024-07-18 13:46:15+00:00,btc_mxn,1147479.98,1147480.02,0.0
2024-07-18 13:46:16+00:00,btc_mxn,1147479.98,1147480.02,0.0
2024-07-18 13:46:17+00:00,btc_mxn,1147479.98,1147480.02,0.0
2024-07-18 13:46:18+00:00,btc_mxn,1147479.98,1147480.02,0.0
2024-07-18 13:46:19+00:00,btc_mxn,1147479.98,1147480.02,0.0
2024-07-18 13:46:20+00:00,btc_mxn,1147479.98,1147480.02,0.0
2024-07-18 13:46:21+00:00,btc_mxn,1147479.98,1147480.02,0.0
2024-07-18 13:46:22+00:00,btc_mxn,1147479.98,1147480.02,0.0
2024-07-18 13:46:23+00:00,btc_mxn,1147479.98,1147480.02,0.0
2024-07-18 13:46:25+00:00,btc_mxn,1147479.98,1147480.02,0.0
2024-07-18 13:46:26+00:00,btc_mxn,1147479.98,1147480.02,0.0
2024-07-18 13:46:27+00:00,btc_mxn,1147479.98,1147480.02,0.0
2024-07-18 13:46:28+00:00,btc_mxn,1147479.98,1147480.02,0.0
2024-07-18 13:46:29+00:00,btc_mxn,1147479.98,1147480.02,0.0
2024-07-18 13:46:30+00:00,btc_mxn,1147479.98,1147480.02,0.0
2024-07-18 13:46:31+00:00,btc_mxn,1147479.98,1147480.02,0.0
2024-07-18 13:46:32+00:00,btc_mxn,1147479.98,1147480.02,0.0
2024-07-18 13:46:33+00:00,btc_mxn,1147479.98,1147480.02,0.0
2024-07-18 13:46:34+00:00,btc_mxn,1147479.98,1147480.02,0.0
2024-07-18 13:46:35+00:00,btc_mxn,1147479.98,1147480.02,0.0
2024-07-18 13:46:36+00:00,btc_mxn,1147479.98,1147480.02,0.0
2024-07-18 13:46:37+00:00,btc_mxn,1147479.98,1147480.02,0.0
2024-07-18 13:46:38+00:00,btc_mxn,1147479.98,1147480.02,0.0
2024-07-18 13:46:39+00:00,btc_mxn,1147479.98,1147480.02,0.0
2024-07-18 13:46:40+00:00,btc_mxn,1147479.98,1147480.02,0.0
2024-07-18 13:46:41+00:00,btc_mxn,1147479.98,1147480.02,0.0
2024-07-18 13:46:42+00:00,btc_mxn,1147479.98,1147480.02,0.0
2024-07-18 13:46:43+00:00,btc_mxn,1147479.98,1147480.02,0.0
2024-07-18 13:46:44+00:00,btc_mxn,1147479.98,1147480.02,0.0
2024-07-18 13:46:45+00:00,btc_mxn,1147479.98,1147480.02,0.0
2024-07-18 13:46:46+00:00,btc_mxn,1147479.98,1147480.02,0.0
2024-07-18 13:46:47+00:00,btc_mxn,1147479.98,1147480.02,0.0
2024-07-18 13:46:48+00:00,btc_mxn,1147479.98,1147480.02,0.0
2024-07-18 13:46:49+00:00,btc_mxn,1147479.98,1147480.02,0.0
2024-07-18 13:46:50+00:00,btc_mxn,1147479.98,1147480.02,0.0
2024-07-18 13:46:51+00:00,btc_mxn,1147479.98,1147480.02,0.0
2024-07-18 13:46:52+00:00,btc_mxn,1147479.98,1147480.02,0.0
2024-07-18 13:46:53+00:00,btc_mxn,1147479.98,1147480.02,0.0
2024-07-18 13:46:54+00:00,btc_mxn,1147479.98,1147480.02,0.0
2024-07-18 13:46:55+00:00,btc_mxn,1147479.98,1147480.02,0.0
2024-07-18 13:46:56+00:00,btc_mxn,1147479.98,1147480.02,0.0
2024-07-18 13:46:57+00:00,btc_mxn,1147479.98,1147480.02,0.0
2024-07-18 13:46:58+00:00,btc_mxn,1147479.98,1147480.02,0.0
2024-07-18 13:46:59+00:00,btc_mxn,1147479.98,1147480.02,0.0
2024-07-18 13:47:00+00:00,btc_mxn,1147479.98,1147480.02,0.0
2024-07-18 13:47:01+00:00,btc_mxn,1147479.98,1147480.02,0.0
2024-07-18 13:47:02+00:00,btc_mxn,1147479.98,1147480.02,0.0
2024-07-18 13:47:03+00:00,btc_mxn,1147479.98,1147480.02,0.0
2024-07-18 13:47:04+00:00,btc_mxn,1147479.98,1147480.02,0.0
2024-07-18 13:47:05+00:00,btc_mxn,1147479.98,1147480.02,0.0
2024-07-18 13:47:06+00:00,btc_mxn,1147479.98,1147480.02,0.0
2024-07-18 13:47:07+00:00,btc_mxn,1147479.98,1147480.02,0.0
2024-07-18 13:47:08+00:00,btc_mxn,1147479.98,1147480.02,0.0
2024-07-18 13:47:09+00:00,btc_mxn,1147479.98,1147480.02,0.0
2024-07-18 13:47:10+00:00,btc_mxn,1147479.98,1147480.02,0.0
2024-07-18 13:47:11+00:00,btc_mxn,1147479.98,1147480.02,0.0
2024-07-18 13:47:12+00:00,btc_mxn,1147479.98,1147480.02,0.0
2024-07-18 13:47:13+00:00,btc_mxn,1147479.98,1147480.02,0.0
2024-07-18 13:47:14+00:00,btc_mxn,1147479.98,1147480.02,0.0
2024-07-18 13:47:15+00:00,btc_mxn,1147479.98,1147480.02,0.0
2024-07-18 13:47:16+00:00,btc_mxn,1147479.98,1147480.02,0.0
2024-07-18 13:47:17+00:00,btc_mxn,1147479.98,1147480.02,0.0
2024-07-18 13:47:18+00:00,btc_mxn,1147479.98,1147480.02,0.0
2024-07-18 13:47:19+00:00,btc_mxn,1147479.98,1147480.02,0.0
2024-07-18 13:47:20+00:00,btc_mxn,1147479.98,1147480.02,0.0
2024-07-18 13:47:21+00:00,btc_mxn,1147479.98,1147480.02,0.0
2024-07-18 13:47:22+00:00,btc_mxn,1147479.98,1147480.02,0.0
2024-07-18 13:47:23+00:00,btc_mxn,1147479.98,1147480.02,0.0
2024-07-18 13:47:24+00:00,btc_mxn,1147479.98,1147480.02,0.0
2024-07-18 13:47:25+00:00,btc_mxn,1147479.98,1147480.02,0.0
2024-07-18 13:47:26+00:00,btc_mxn,1147479.98,1147480.02,0.0
2024-07-18 13:47:27+00:00,btc_mxn,1147479.98,1147480.02,0.0
2024-07-18 13:47:28+00:00,btc_mxn,1147479.98,1147480.02,0.0
2024-07-18 13:47:29+00:00,btc_mxn,1147479.98,1147480.02,0.0
2024-07-18 13:47:30+00:00,btc_mxn,1147479.98,1147480.02,0.0
2024-07-18 13:47:32+00:00,btc_mxn,1147479.98,1147480.02,0.0
2024-07-18 13:47:33+00:00,btc_mxn,1147479.98,1147480.02,0.0
2024-07-18 13:47:34+00:00,btc_mxn,1147479.98,1147480.02,0.0
2024-07-18 13:47:35+00:00,btc_mxn,1147479.98,1147480.02,0.0
2024-07-18 13:47:36+00:00,btc_mxn,1147479.98,1147480.02,0.0
2024-07-18 13:47:37+00:00,btc_mxn,1147479.98,1147480.02,0.0
2024-07-18 13:47:38+00:00,btc_mxn,1147479.98,1147480.02,0.0
2024-07-18 13:47:39+00:00,btc_mxn,1147479.98,1147480.02,0.0
2024-07-18 13:47:40+00:00,btc_mxn,1147479.98,1147480.02,0.0
2024-07-18 13:47:41+00:00,btc_mxn,1147479.98,1147480.02,0.0
2024-07-18 13:47:42+00:00,btc_mxn,1147479.98,1147480.02,0.0
2024-07-18 13:47:43+00:00,btc_mxn,1147479.98,1147480.02,0.0
2024-07-18 13:47:44+00:00,btc_mxn,1147479.98,1147480.02,0.0
2024-07-18 13:47:45+00:00,btc_mxn,1147479.98,1147480.02,0.0
2024-07-18 13:47:46+00:00,btc_mxn,1147479.98,1147480.02,0.0
2024-07-18 13:47:47+00:00,btc_mxn,1147479.98,1147480.02,0.0
2024-07-18 13:47:48+00:00,btc_mxn,1147479.98,1147480.02,0.0
2024-07-18 13:47:49+00:00,btc_mxn,1147479.98,1147480.02,0.0
2024-07-18 13:47:50+00:00,btc_mxn,1147479.98,1147480.02,0.0
2024-07-18 13:47:51+00:00,btc_mxn,1147479.98,1147480.02,0.0
2024-07-18 13:47:52+00:00,btc_mxn,1147479.98,1147480.02,0.0
2024-07-18 13:47:53+00:00,btc_mxn,1147479.98,1147480.02,0.0
2024-07-18 13:47:54+00:00,btc_mxn,1147479.98,1147480.02,0.0
2024-07-18 13:47:55+00:00,btc_mxn,1147479.98,1147480.02,0.0
2024-07-18 13:47:56+00:00,btc_mxn,1147479.98,1147480.02,0.0
2024-07-18 13:47:57+00:00,btc_mxn,1147479.98,1147480.02,0.0
2024-07-18 13:47:58+00:00,btc_mxn,1147479.98,1147480.02,0.0
2024-07-18 13:47:59+00:00,btc_mxn,1147479.98,1147480.02,0.0
2024-07-18 13:48:00+00:00,btc_mxn,1147479.98,1147480.02,0.0
2024-07-18 13:48:01+00:00,btc_mxn,1147479.98,1147480.02,0.0
2024-07-18 13:48:02+00:00,btc_mxn,1147479.98,1147480.02,0.0
2024-07-18 13:48:03+00:00,btc_mxn,1147479.98,1147480.02,0.0
2024-07-18 13:48:04+00:00,btc_mxn,1147479.98,1147480.02,0.0
2024-07-18 13:48:05+00:00,btc_mxn,1147479.98,1147480.02,0.0
2024-07-18 13:48:06+00:00,btc_mxn,1147479.98,1147480.02,0.0
2024-07-18 13:48:07+00:00,btc_mxn,1147479.98,1147480.02,0.0
2024-07-18 13:48:08+00:00,btc_mxn,1147479.98,1147480.02,0.0
2024-07-18 13:48:09+00:00,btc_mxn,1147479.98,1147480.02,0.0
2024-07-18 13:48:10+00:00,btc_mxn,1147479.98,1147480.02,0.0
2024-07-18 13:48:11+00:00,btc_mxn,1147479.98,1147480.02,0.0
2024-07-18 13:48:12+00:00,btc_mxn,1147479.98,1147480.02,0.0
2024-07-18 13:48:13+00:00,btc_mxn,1147479.98,1147480.02,0.0
2024-07-18 13:48:14+00:00,btc_mxn,1147479.98,1147480.02,0.0
2024-07-18 13:48:15+00:00,btc_mxn,1147479.98,1147480.02,0.0
2024-07-18 13:48:16+00:00,btc_mxn,1147479.98,1147480.02,0.0
2024-07-18 13:48:17+00:00,btc_mxn,1147479.98,1147480.02,0.0
2024-07-18 13:48:18+00:00,btc_mxn,1147479.98,1147480.02,0.0
2024-07-18 13:48:19+00:00,btc_mxn,1147479.98,1147480.02,0.0
2024-07-18 13:48:20+00:00,btc_mxn,1147479.98,1147480.02,0.0
2024-07-18 13:48:21+00:00,btc_mxn,1147479.98,1147480.02,0.0
2024-07-18 13:48:22+00:00,btc_mxn,1147479.98,1147480.02,0.0
2024-07-18 13:48:23+00:00,btc_mxn,1147479.98,1147480.02,0.0
2024-07-18 13:48:24+00:00,btc_mxn,1147479.98,1147480.02,0.0
2024-07-18 13:48:25+00:00,btc_mxn,1147479.98,1147480.02,0.0
2024-07-18 13:48:26+00:00,btc_mxn,1147479.98,1147480.02,0.0
2024-07-18 13:48:27+00:00,btc_mxn,1147479.98,1147480.02,0.0
2024-07-18 13:48:28+00:00,btc_mxn,1147479.98,1147480.02,0.0
2024-07-18 13:48:29+00:00,btc_mxn,1147479.98,1147480.02,0.0
2024-07-18 13:48:30+00:00,btc_mxn,1147479.98,1147480.02,0.0
2024-07-18 13:48:31+00:00,btc_mxn,1147479.98,1147480.02,0.0
2024-07-18 13:48:32+00:00,btc_mxn,1147479.98,1147480.02,0.0
2024-07-18 13:48:33+00:00,btc_mxn,1147479.98,1147480.02,0.0
2024-07-18 13:48:35+00:00,btc_mxn,1147479.98,1147480.02,0.0
2024-07-18 13:48:35+00:00,btc_mxn,1147479.98,1147480.02,0.0
2024-07-18 13:48:37+00:00,btc_mxn,1147479.98,1147480.02,0.0
2024-07-18 13:48:38+00:00,btc_mxn,1147479.98,1147480.02,0.0
2024-07-18 13:48:39+00:00,btc_mxn,1147479.98,1147480.02,0.0
2024-07-18 13:48:40+00:00,btc_mxn,1147479.98,1147480.02,0.0
2024-07-18 13:48:41+00:00,btc_mxn,1147479.98,1147480.02,0.0
2024-07-18 13:48:42+00:00,btc_mxn,1147479.98,1147480.02,0.0
2024-07-18 13:48:43+00:00,btc_mxn,1147479.98,1147480.02,0.0
2024-07-18 13:48:44+00:00,btc_mxn,1147479.98,1147480.02,0.0
2024-07-18 13:48:45+00:00,btc_mxn,1147479.98,1147480.02,0.0
2024-07-18 13:48:46+00:00,btc_mxn,1147479.98,1147480.02,0.0
2024-07-18 13:48:47+00:00,btc_mxn,1147479.98,1147480.02,0.0
2024-07-18 13:48:48+00:00,btc_mxn,1147479.98,1147480.02,0.0
2024-07-18 13:48:49+00:00,btc_mxn,1147479.98,1147480.02,0.0
2024-07-18 13:48:50+00:00,btc_mxn,1147479.98,1147480.02,0.0
2024-07-18 13:48:51+00:00,btc_mxn,1147479.98,1147480.02,0.0
2024-07-18 13:48:52+00:00,btc_mxn,1147479.98,1147480.02,0.0
2024-07-18 13:48:53+00:00,btc_mxn,1147479.98,1147480.02,0.0
2024-07-18 13:48:54+00:00,btc_mxn,1147479.98,1147480.02,0.0
2024-07-18 13:48:55+00:00,btc_mxn,1147479.98,1147480.02,0.0
2024-07-18 13:48:56+00:00,btc_mxn,1147479.98,1147480.02,0.0
2024-07-18 13:48:57+00:00,btc_mxn,1147479.98,1147480.02,0.0
2024-07-18 13:48:58+00:00,btc_mxn,1147479.98,1147480.02,0.0
2024-07-18 13:48:59+00:00,btc_mxn,1147479.98,1147480.02,0.0
2024-07-18 13:49:00+00:00,btc_mxn,1147479.98,1147480.02,0.0
2024-07-18 13:49:01+00:00,btc_mxn,1147479.98,1147480.02,0.0
2024-07-18 13:49:02+00:00,btc_mxn,1147479.98,1147480.02,0.0
2024-07-18 13:49:03+00:00,btc_mxn,1147479.98,1147480.02,0.0
2024-07-18 13:49:04+00:00,btc_mxn,1147479.98,1147480.02,0.0
2024-07-18 13:49:05+00:00,btc_mxn,1147479.98,1147480.02,0.0
2024-07-18 13:49:06+00:00,btc_mxn,1147479.98,1147480.02,0.0
2024-07-18 13:49:07+00:00,btc_mxn,1147479.98,1147480.02,0.0
2024-07-18 13:49:08+00:00,btc_mxn,1147479.98,1147480.02,0.0
2024-07-18 13:49:09+00:00,btc_mxn,1147479.98,1147480.02,0.0
2024-07-18 13:49:10+00:00,btc_mxn,1147479.98,1147480.02,0.0
2024-07-18 13:49:11+00:00,btc_mxn,1147479.98,1147480.02,0.0
2024-07-18 13:49:12+00:00,btc_mxn,1147479.98,1147480.02,0.0
2024-07-18 13:49:13+00:00,btc_mxn,1147479.98,1147480.02,0.0
2024-07-18 13:49:14+00:00,btc_mxn,1147479.98,1147480.02,0.0
2024-07-18 13:49:15+00:00,btc_mxn,1147479.98,1147480.02,0.0
2024-07-18 13:49:16+00:00,btc_mxn,1147479.98,1147480.02,0.0
2024-07-18 13:49:17+00:00,btc_mxn,1147479.98,1147480.02,0.0
2024-07-18 13:49:18+00:00,btc_mxn,1147479.98,1147480.02,0.0
2024-07-18 13:49:19+00:00,btc_mxn,1147479.98,1147480.02,0.0
2024-07-18 13:49:20+00:00,btc_mxn,1147479.98,1147480.02,0.0
2024-07-18 13:49:21+00:00,btc_mxn,1147479.98,1147480.02,0.0
2024-07-18 13:49:22+00:00,btc_mxn,1147479.98,1147480.02,0.0
2024-07-18 13:49:23+00:00,btc_mxn,1147479.98,1147480.02,0.0
2024-07-18 13:49:24+00:00,btc_mxn,1147479.98,1147480.02,0.0
2024-07-18 13:49:25+00:00,btc_mxn,1147479.98,1147480.02,0.0
2024-07-18 13:49:26+00:00,btc_mxn,1147479.98,1147480.02,0.0
2024-07-18 13:49:27+00:00,btc_mxn,1147479.98,1147480.02,0.0
2024-07-18 13:49:28+00:00,btc_mxn,1147479.98,1147480.02,0.0
2024-07-18 13:49:29+00:00,btc_mxn,1147479.98,1147480.02,0.0
2024-07-18 13:49:30+00:00,btc_mxn,1147479.98,1147480.02,0.0
2024-07-18 13:49:31+00:00,btc_mxn,1147479.98,1147480.02,0.0
2024-07-18 13:49:32+00:00,btc_mxn,1147479.98,1147480.02,0.0
2024-07-18 13:49:33+00:00,btc_mxn,1147479.98,1147480.02,0.0
2024-07-18 13:49:34+00:00,btc_mxn,1147479.98,1147480.02,0.0
2024-07-18 13:49:36+00:00,btc_mxn,1147479.98,1147480.02,0.0
2024-07-18 13:49:37+00:00,btc_mxn,1147479.98,1147480.02,0.0
2024-07-18 13:49:38+00:00,btc_mxn,1147479.98,1147480.02,0.0
2024-07-18 13:49:39+00:00,btc_mxn,1147479.98,1147480.02,0.0
2024-07-18 13:49:40+00:00,btc_mxn,1147479.98,1147480.02,0.0
2024-07-18 13:49:41+00:00,btc_mxn,1147479.98,1147480.02,0.0
2024-07-18 13:49:42+00:00,btc_mxn,1147479.98,1147480.02,0.0
2024-07-18 13:49:43+00:00,btc_mxn,1147479.98,1147480.02,0.0
2024-07-18 13:49:44+00:00,btc_mxn,1147479.98,1147480.02,0.0
2024-07-18 13:49:45+00:00,btc_mxn,1147479.98,1147480.02,0.0
2024-07-18 13:49:46+00:00,btc_mxn,1147479.98,1147480.02,0.0
2024-07-18 13:49:47+00:00,btc_mxn,1147479.98,1147480.02,0.0
2024-07-18 13:49:48+00:00,btc_mxn,1147479.98,1147480.02,0.0
2024-07-18 13:49:49+00:00,btc_mxn,1147479.98,1147480.02,0.0
2024-07-18 13:49:50+00:00,btc_mxn,1147479.98,1147480.02,0.0
2024-07-18 13:49:51+00:00,btc_mxn,1147479.98,1147480.02,0.0
2024-07-18 13:49:52+00:00,btc_mxn,1147479.98,1147480.02,0.0
2024-07-18 13:49:53+00:00,btc_mxn,1147479.98,1147480.02,0.0
2024-07-18 13:49:54+00:00,btc_mxn,1147479.98,1147480.02,0.0
2024-07-18 13:49:55+00:00,btc_mxn,1147479.98,1147480.02,0.0
2024-07-18 13:49:56+00:00,btc_mxn,1147479.98,1147480.02,0.0
2024-07-18 13:49:57+00:00,btc_mxn,1147479.98,1147480.02,0.0
2024-07-18 13:49:58+00:00,btc_mxn,1147479.98,1147480.02,0.0
2024-07-18 13:49:59+00:00,btc_mxn,1147479.98,1147480.02,0.0
2024-07-18 13:50:00+00:00,btc_mxn,1147479.98,1147480.02,0.0
2024-07-18 13:50:01+00:00,btc_mxn,1147479.98,1147480.02,0.0
2024-07-18 13:50:02+00:00,btc_mxn,1147479.98,1147480.02,0.0
2024-07-18 13:50:03+00:00,btc_mxn,1147479.98,1147480.02,0.0
2024-07-18 13:50:04+00:00,btc_mxn,1147479.98,1147480.02,0.0
2024-07-18 13:50:05+00:00,btc_mxn,1147479.98,1147480.02,0.0
2024-07-18 13:50:06+00:00,btc_mxn,1147479.98,1147480.02,0.0
2024-07-18 13:50:07+00:00,btc_mxn,1147479.98,1147480.02,0.0
2024-07-18 13:50:08+00:00,btc_mxn,1147479.98,1147480.02,0.0
2024-07-18 13:50:09+00:00,btc_mxn,1147479.98,1147480.02,0.0
2024-07-18 13:50:10+00:00,btc_mxn,1147479.98,1147480.02,0.0
2024-07-18 13:50:11+00:00,btc_mxn,1147479.98,1147480.02,0.0
2024-07-18 13:50:12+00:00,btc_mxn,1147479.98,1147480.02,0.0
2024-07-18 13:50:13+00:00,btc_mxn,1147479.98,1147480.02,0.0
2024-07-18 13:50:15+00:00,btc_mxn,1147479.98,1147480.02,0.0
2024-07-18 13:50:15+00:00,btc_mxn,1147479.98,1147480.02,0.0
2024-07-18 13:50:16+00:00,btc_mxn,1147479.98,1147480.02,0.0
2024-07-18 13:50:17+00:00,btc_mxn,1147479.98,1147480.02,0.0
2024-07-18 13:50:18+00:00,btc_mxn,1147479.98,1147480.02,0.0
2024-07-18 13:50:20+00:00,btc_mxn,1147479.98,1147480.02,0.0
2024-07-18 13:50:21+00:00,btc_mxn,1147479.98,1147480.02,0.0
2024-07-18 13:50:22+00:00,btc_mxn,1147479.98,1147480.02,0.0
2024-07-18 13:50:23+00:00,btc_mxn,1147479.98,1147480.02,0.0
2024-07-18 13:50:24+00:00,btc_mxn,1147479.98,1147480.02,0.0
2024-07-18 13:50:25+00:00,btc_mxn,1147479.98,1147480.02,0.0
2024-07-18 13:50:26+00:00,btc_mxn,1147479.98,1147480.02,0.0
2024-07-18 13:50:27+00:00,btc_mxn,1147479.98,1147480.02,0.0
2024-07-18 13:50:28+00:00,btc_mxn,1147479.98,1147480.02,0.0
2024-07-18 13:50:29+00:00,btc_mxn,1147479.98,1147480.02,0.0
2024-07-18 13:50:30+00:00,btc_mxn,1147479.98,1147480.02,0.0
2024-07-18 13:50:31+00:00,btc_mxn,1147479.98,1147480.02,0.0
2024-07-18 13:50:32+00:00,btc_mxn,1147479.98,1147480.02,0.0
2024-07-18 13:50:33+00:00,btc_mxn,1147479.98,1147480.02,0.0
2024-07-18 13:50:34+00:00,btc_mxn,1147479.98,1147480.02,0.0
2024-07-18 13:50:35+00:00,btc_mxn,1147479.98,1147480.02,0.0
2024-07-18 13:50:36+00:00,btc_mxn,1147479.98,1147480.02,0.0
2024-07-18 13:50:37+00:00,btc_mxn,1147479.98,1147480.02,0.0
2024-07-18 13:50:38+00:00,btc_mxn,1147479.98,1147480.02,0.0
2024-07-18 13:50:39+00:00,btc_mxn,1147479.98,1147480.02,0.0
2024-07-18 13:50:40+00:00,btc_mxn,1147479.98,1147480.02,0.0
2024-07-18 13:50:41+00:00,btc_mxn,1147479.98,1147480.02,0.0
2024-07-18 13:50:42+00:00,btc_mxn,1147479.98,1147480.02,0.0
2024-07-18 13:50:43+00:00,btc_mxn,1147479.98,1147480.02,0.0
2024-07-18 13:50:44+00:00,btc_mxn,1147479.98,1147480.02,0.0
2024-07-18 13:50:45+00:00,btc_mxn,1147479.98,1147480.02,0.0
2024-07-18 13:50:46+00:00,btc_mxn,1147479.98,1147480.02,0.0
2024-07-18 13:50:47+00:00,btc_mxn,1147479.98,1147480.02,0.0
2024-07-18 13:50:48+00:00,btc_mxn,1147479.98,1147480.02,0.0
2024-07-18 13:50:49+00:00,btc_mxn,1147479.98,1147480.02,0.0
2024-07-18 13:50:50+00:00,btc_mxn,1147479.98,1147480.02,0.0
2024-07-18 13:50:51+00:00,btc_mxn,1147479.98,1147480.02,0.0
2024-07-18 13:50:52+00:00,btc_mxn,1147479.98,1147480.02,0.0
2024-07-18 13:50:53+00:00,btc_mxn,1147479.98,1147480.02,0.0
2024-07-18 13:50:54+00:00,btc_mxn,1147479.98,1147480.02,0.0
2024-07-18 13:50:55+00:00,btc_mxn,1147479.98,1147480.02,0.0
2024-07-18 13:50:56+00:00,btc_mxn,1147479.98,1147480.02,0.0
2024-07-18 13:50:57+00:00,btc_mxn,1147479.98,1147480.02,0.0
2024-07-18 13:50:58+00:00,btc_mxn,1147479.98,1147480.02,0.0
2024-07-18 13:50:59+00:00,btc_mxn,1147479.98,1147480.02,0.0
2024-07-18 13:51:00+00:00,btc_mxn,1147479.98,1147480.02,0.0
2024-07-18 13:51:01+00:00,btc_mxn,1147479.98,1147480.02,0.0
2024-07-18 13:51:02+00:00,btc_mxn,1147479.98,1147480.02,0.0
2024-07-18 13:51:03+00:00,btc_mxn,1147479.98,1147480.02,0.0
2024-07-18 13:51:04+00:00,btc_mxn,1147479.98,1147480.02,0.0
2024-07-18 13:51:05+00:00,btc_mxn,1147479.98,1147480.02,0.0
2024-07-18 13:51:07+00:00,btc_mxn,1146920.0,1146920.02,0.0
2024-07-18 13:51:07+00:00,btc_mxn,1146920.0,1146920.02,0.0
2024-07-18 13:51:09+00:00,btc_mxn,1146920.0,1146920.02,0.0
2024-07-18 13:51:10+00:00,btc_mxn,1146920.0,1146920.02,0.0
2024-07-18 13:51:11+00:00,btc_mxn,1146920.0,1146920.02,0.0
2024-07-18 13:51:12+00:00,btc_mxn,1146920.0,1146920.02,0.0
2024-07-18 13:51:13+00:00,btc_mxn,1146920.0,1146920.02,0.0
2024-07-18 13:51:14+00:00,btc_mxn,1146920.0,1146920.02,0.0
2024-07-18 13:51:15+00:00,btc_mxn,1146920.0,1146920.02,0.0
2024-07-18 13:51:16+00:00,btc_mxn,1146920.0,1146920.02,0.0
2024-07-18 13:51:17+00:00,btc_mxn,1146920.0,1146920.02,0.0
2024-07-18 13:51:18+00:00,btc_mxn,1146920.0,1146920.02,0.0
2024-07-18 13:51:19+00:00,btc_mxn,1146920.0,1146920.02,0.0
2024-07-18 13:51:20+00:00,btc_mxn,1146920.0,1146920.02,0.0
2024-07-18 13:51:21+00:00,btc_mxn,1146920.0,1146920.02,0.0
2024-07-18 13:51:22+00:00,btc_mxn,1146920.0,1146920.02,0.0
2024-07-18 13:51:23+00:00,btc_mxn,1146920.0,1146920.02,0.0
2024-07-18 13:51:24+00:00,btc_mxn,1146920.0,1146920.02,0.0
2024-07-18 13:51:25+00:00,btc_mxn,1146920.0,1146920.02,0.0
2024-07-18 13:51:26+00:00,btc_mxn,1146920.0,1146920.02,0.0
2024-07-18 13:51:27+00:00,btc_mxn,1146920.0,1146920.02,0.0
2024-07-18 13:51:28+00:00,btc_mxn,1146920.0,1146920.02,0.0
2024-07-18 13:51:29+00:00,btc_mxn,1146920.0,1146920.02,0.0
2024-07-18 13:51:30+00:00,btc_mxn,1146920.0,1146920.02,0.0
2024-07-18 13:51:31+00:00,btc_mxn,1146920.0,1146920.02,0.0
2024-07-18 13:51:32+00:00,btc_mxn,1146920.0,1146920.02,0.0
2024-07-18 13:51:33+00:00,btc_mxn,1146920.0,1146920.02,0.0
2024-07-18 13:51:34+00:00,btc_mxn,1146920.0,1146920.02,0.0
2024-07-18 13:51:35+00:00,btc_mxn,1146920.0,1146920.02,0.0
2024-07-18 13:51:36+00:00,btc_mxn,1146920.0,1146920.02,0.0
2024-07-18 13:51:37+00:00,btc_mxn,1146920.0,1146920.02,0.0
2024-07-18 13:51:38+00:00,btc_mxn,1146920.0,1146920.02,0.0
2024-07-18 13:51:39+00:00,btc_mxn,1146920.0,1146920.02,0.0
2024-07-18 13:51:40+00:00,btc_mxn,1146920.0,1146920.02,0.0
2024-07-18 13:51:41+00:00,btc_mxn,1146920.0,1146920.02,0.0
2024-07-18 13:51:42+00:00,btc_mxn,1146920.0,1146920.02,0.0
2024-07-18 13:51:43+00:00,btc_mxn,1146920.0,1146920.02,0.0
2024-07-18 13:51:44+00:00,btc_mxn,1146920.0,1146920.02,0.0
2024-07-18 13:51:45+00:00,btc_mxn,1146920.0,1146920.02,0.0
2024-07-18 13:51:46+00:00,btc_mxn,1146920.0,1146920.02,0.0
2024-07-18 13:51:47+00:00,btc_mxn,1146920.0,1146920.02,0.0
2024-07-18 13:51:48+00:00,btc_mxn,1146920.0,1146920.02,0.0
2024-07-18 13:51:49+00:00,btc_mxn,1146920.0,1146920.02,0.0
2024-07-18 13:51:50+00:00,btc_mxn,1146920.0,1146920.02,0.0
2024-07-18 13:51:51+00:00,btc_mxn,1146920.0,1146920.02,0.0
2024-07-18 13:51:52+00:00,btc_mxn,1146920.0,1146920.02,0.0
2024-07-18 13:51:53+00:00,btc_mxn,1146920.0,1146920.02,0.0
2024-07-18 13:51:54+00:00,btc_mxn,1146920.0,1146920.02,0.0
2024-07-18 13:51:55+00:00,btc_mxn,1146920.0,1146920.02,0.0
2024-07-18 13:51:56+00:00,btc_mxn,1146920.0,1146920.02,0.0
2024-07-18 13:51:57+00:00,btc_mxn,1146920.0,1146920.02,0.0
2024-07-18 13:51:58+00:00,btc_mxn,1146920.0,1146920.02,0.0
