orderbook_timestamp,book,bid,ask,spread
2024-07-18 15:34:04+00:00,btc_mxn,1134500.0,1136170.0,0.147
2024-07-18 15:34:05+00:00,btc_mxn,1134500.0,1136170.0,0.147
2024-07-18 15:34:06+00:00,btc_mxn,1134500.0,1136170.0,0.147
2024-07-18 15:34:07+00:00,btc_mxn,1134500.0,1136170.0,0.147
2024-07-18 15:34:08+00:00,btc_mxn,1134500.0,1136170.0,0.147
2024-07-18 15:34:09+00:00,btc_mxn,1134500.0,1136170.0,0.147
2024-07-18 15:34:10+00:00,btc_mxn,1134500.0,1136170.0,0.147
2024-07-18 15:34:11+00:00,btc_mxn,1134500.0,1136170.0,0.147
2024-07-18 15:34:12+00:00,btc_mxn,1134500.0,1136170.0,0.147
2024-07-18 15:34:13+00:00,btc_mxn,1134500.0,1136170.0,0.147
2024-07-18 15:34:14+00:00,btc_mxn,1134500.0,1136170.0,0.147
2024-07-18 15:34:15+00:00,btc_mxn,1134500.0,1136170.0,0.147
2024-07-18 15:34:16+00:00,btc_mxn,1134500.0,1136170.0,0.147
2024-07-18 15:34:17+00:00,btc_mxn,1134500.0,1136170.0,0.147
2024-07-18 15:34:18+00:00,btc_mxn,1134500.0,1136170.0,0.147
2024-07-18 15:34:19+00:00,btc_mxn,1134500.0,1136170.0,0.147
2024-07-18 15:34:20+00:00,btc_mxn,1134500.0,1136170.0,0.147
2024-07-18 15:34:21+00:00,btc_mxn,1134500.0,1136170.0,0.147
2024-07-18 15:34:22+00:00,btc_mxn,1134500.0,1136170.0,0.147
2024-07-18 15:34:23+00:00,btc_mxn,1134500.0,1136170.0,0.147
2024-07-18 15:34:24+00:00,btc_mxn,1134500.0,1136170.0,0.147
2024-07-18 15:34:25+00:00,btc_mxn,1134500.0,1136170.0,0.147
2024-07-18 15:34:26+00:00,btc_mxn,1134500.0,1136170.0,0.147
2024-07-18 15:34:27+00:00,btc_mxn,1134500.0,1136170.0,0.147
2024-07-18 15:34:28+00:00,btc_mxn,1134500.0,1136170.0,0.147
2024-07-18 15:34:29+00:00,btc_mxn,1134500.0,1136170.0,0.147
2024-07-18 15:34:30+00:00,btc_mxn,1134500.0,1136170.0,0.147
2024-07-18 15:34:31+00:00,btc_mxn,1134500.0,1136170.0,0.147
2024-07-18 15:34:32+00:00,btc_mxn,1134500.0,1136170.0,0.147
2024-07-18 15:34:33+00:00,btc_mxn,1134500.0,1136170.0,0.147
2024-07-18 15:34:34+00:00,btc_mxn,1134500.0,1136170.0,0.147
2024-07-18 15:34:35+00:00,btc_mxn,1134500.0,1136170.0,0.147
2024-07-18 15:34:36+00:00,btc_mxn,1134500.0,1136170.0,0.147
2024-07-18 15:34:37+00:00,btc_mxn,1134500.0,1136170.0,0.147
2024-07-18 15:34:38+00:00,btc_mxn,1134500.0,1136170.0,0.147
2024-07-18 15:34:39+00:00,btc_mxn,1134500.0,1136170.0,0.147
2024-07-18 15:34:40+00:00,btc_mxn,1134500.0,1136170.0,0.147
2024-07-18 15:34:41+00:00,btc_mxn,1134500.0,1136170.0,0.147
2024-07-18 15:34:42+00:00,btc_mxn,1134500.0,1136170.0,0.147
2024-07-18 15:34:43+00:00,btc_mxn,1134500.0,1136170.0,0.147
2024-07-18 15:34:45+00:00,btc_mxn,1134500.0,1136170.0,0.147
2024-07-18 15:34:46+00:00,btc_mxn,1134500.0,1136170.0,0.147
2024-07-18 15:34:47+00:00,btc_mxn,1134500.0,1136170.0,0.147
2024-07-18 15:34:48+00:00,btc_mxn,1134500.0,1136170.0,0.147
2024-07-18 15:34:49+00:00,btc_mxn,1134500.0,1136170.0,0.147
2024-07-18 15:34:50+00:00,btc_mxn,1134500.0,1136170.0,0.147
2024-07-18 15:34:51+00:00,btc_mxn,1134500.0,1136170.0,0.147
2024-07-18 15:34:52+00:00,btc_mxn,1134500.0,1136170.0,0.147
2024-07-18 15:34:53+00:00,btc_mxn,1134500.0,1136170.0,0.147
2024-07-18 15:34:54+00:00,btc_mxn,1134500.0,1136170.0,0.147
2024-07-18 15:34:55+00:00,btc_mxn,1134500.0,1136170.0,0.147
2024-07-18 15:34:56+00:00,btc_mxn,1134500.0,1136170.0,0.147
2024-07-18 15:34:57+00:00,btc_mxn,1134500.0,1136170.0,0.147
2024-07-18 15:34:58+00:00,btc_mxn,1134500.0,1136170.0,0.147
2024-07-18 15:34:59+00:00,btc_mxn,1134300.0,1136170.0,0.165
2024-07-18 15:35:00+00:00,btc_mxn,1134300.0,1136170.0,0.165
2024-07-18 15:35:01+00:00,btc_mxn,1134300.0,1136170.0,0.165
2024-07-18 15:35:02+00:00,btc_mxn,1134300.0,1136170.0,0.165
2024-07-18 15:35:03+00:00,btc_mxn,1134300.0,1136150.0,0.163
2024-07-18 15:35:04+00:00,btc_mxn,1134300.0,1136150.0,0.163
2024-07-18 15:35:05+00:00,btc_mxn,1134300.0,1136170.0,0.165
2024-07-18 15:35:06+00:00,btc_mxn,1134300.0,1136170.0,0.165
2024-07-18 15:35:07+00:00,btc_mxn,1134300.0,1136170.0,0.165
2024-07-18 15:35:08+00:00,btc_mxn,1134300.0,1136170.0,0.165
2024-07-18 15:35:09+00:00,btc_mxn,1134300.0,1135650.0,0.119
2024-07-18 15:35:10+00:00,btc_mxn,1134300.0,1135650.0,0.119
2024-07-18 15:35:11+00:00,btc_mxn,1134300.0,1135650.0,0.119
2024-07-18 15:35:12+00:00,btc_mxn,1134300.0,1135660.0,0.12
2024-07-18 15:35:13+00:00,btc_mxn,1134300.0,1135660.0,0.12
2024-07-18 15:35:14+00:00,btc_mxn,1134300.0,1135660.0,0.12
2024-07-18 15:35:15+00:00,btc_mxn,1134440.0,1135660.0,0.107
2024-07-18 15:35:16+00:00,btc_mxn,1134440.0,1135660.0,0.107
2024-07-18 15:35:17+00:00,btc_mxn,1134440.0,1135660.0,0.107
2024-07-18 15:35:18+00:00,btc_mxn,1133940.0,1135660.0,0.151
2024-07-18 15:35:19+00:00,btc_mxn,1133940.0,1134930.0,0.087
2024-07-18 15:35:20+00:00,btc_mxn,1133940.0,1134930.0,0.087
2024-07-18 15:35:21+00:00,btc_mxn,1133940.0,1134930.0,0.087
2024-07-18 15:35:22+00:00,btc_mxn,1133940.0,1134930.0,0.087
2024-07-18 15:35:23+00:00,btc_mxn,1133940.0,1134930.0,0.087
2024-07-18 15:35:24+00:00,btc_mxn,1133940.0,1134930.0,0.087
2024-07-18 15:35:25+00:00,btc_mxn,1133940.0,1134930.0,0.087
2024-07-18 15:35:26+00:00,btc_mxn,1133940.0,1134930.0,0.087
2024-07-18 15:35:27+00:00,btc_mxn,1133940.0,1134930.0,0.087
2024-07-18 15:35:28+00:00,btc_mxn,1133940.0,1134180.0,0.021
2024-07-18 15:35:29+00:00,btc_mxn,1133940.0,1134180.0,0.021
2024-07-18 15:35:30+00:00,btc_mxn,1133940.0,1134180.0,0.021
2024-07-18 15:35:31+00:00,btc_mxn,1133940.0,1134180.0,0.021
2024-07-18 15:35:32+00:00,btc_mxn,1133940.0,1134180.0,0.021
2024-07-18 15:35:33+00:00,btc_mxn,1133940.0,1134180.0,0.021
2024-07-18 15:35:34+00:00,btc_mxn,1133940.0,1134180.0,0.021
2024-07-18 15:35:35+00:00,btc_mxn,1133940.0,1134180.0,0.021
2024-07-18 15:35:37+00:00,btc_mxn,1133940.0,1134180.0,0.021
2024-07-18 15:35:38+00:00,btc_mxn,1133940.0,1134180.0,0.021
2024-07-18 15:35:39+00:00,btc_mxn,1133940.0,1134180.0,0.021
2024-07-18 15:35:40+00:00,btc_mxn,1133940.0,1134180.0,0.021
2024-07-18 15:35:41+00:00,btc_mxn,1133940.0,1134180.0,0.021
2024-07-18 15:35:42+00:00,btc_mxn,1133940.0,1134180.0,0.021
2024-07-18 15:35:43+00:00,btc_mxn,1133940.0,1134180.0,0.021
2024-07-18 15:35:44+00:00,btc_mxn,1133940.0,1134180.0,0.021
2024-07-18 15:35:45+00:00,btc_mxn,1133940.0,1134180.0,0.021
2024-07-18 15:35:46+00:00,btc_mxn,1133940.0,1134180.0,0.021
2024-07-18 15:35:47+00:00,btc_mxn,1133940.0,1134180.0,0.021
2024-07-18 15:35:48+00:00,btc_mxn,1133940.0,1134180.0,0.021
2024-07-18 15:35:49+00:00,btc_mxn,1133940.0,1134180.0,0.021
2024-07-18 15:35:50+00:00,btc_mxn,1133940.0,1134180.0,0.021
2024-07-18 15:35:51+00:00,btc_mxn,1133940.0,1134180.0,0.021
2024-07-18 15:35:52+00:00,btc_mxn,1133940.0,1134180.0,0.021
2024-07-18 15:35:53+00:00,btc_mxn,1133940.0,1134180.0,0.021
2024-07-18 15:35:54+00:00,btc_mxn,1133940.0,1134180.0,0.021
2024-07-18 15:35:55+00:00,btc_mxn,1133940.0,1134180.0,0.021
2024-07-18 15:35:56+00:00,btc_mxn,1133940.0,1134180.0,0.021
2024-07-18 15:35:57+00:00,btc_mxn,1133940.0,1134180.0,0.021
2024-07-18 15:35:58+00:00,btc_mxn,1133940.0,1134180.0,0.021
2024-07-18 15:35:59+00:00,btc_mxn,1133940.0,1134180.0,0.021
2024-07-18 15:36:00+00:00,btc_mxn,1133940.0,1134180.0,0.021
2024-07-18 15:36:01+00:00,btc_mxn,1133480.0,1134180.0,0.062
2024-07-18 15:36:02+00:00,btc_mxn,1133480.0,1134180.0,0.062
2024-07-18 15:36:03+00:00,btc_mxn,1133880.0,1135660.0,0.157
2024-07-18 15:36:04+00:00,btc_mxn,1133880.0,1135660.0,0.157
2024-07-18 15:36:05+00:00,btc_mxn,1133899.98,1133900.02,0.0
2024-07-18 15:36:06+00:00,btc_mxn,1133899.98,1133900.02,0.0
2024-07-18 15:36:07+00:00,btc_mxn,1133899.98,1133900.02,0.0
2024-07-18 15:36:08+00:00,btc_mxn,1133899.98,1133900.02,0.0
2024-07-18 15:36:09+00:00,btc_mxn,1133899.98,1133900.02,0.0
2024-07-18 15:36:10+00:00,btc_mxn,1133899.98,1133900.02,0.0
2024-07-18 15:36:11+00:00,btc_mxn,1133899.98,1133900.02,0.0
2024-07-18 15:36:12+00:00,btc_mxn,1133899.98,1133900.02,0.0
2024-07-18 15:36:13+00:00,btc_mxn,1133899.98,1133900.02,0.0
2024-07-18 15:36:14+00:00,btc_mxn,1133899.98,1133900.02,0.0
2024-07-18 15:36:15+00:00,btc_mxn,1133899.98,1133900.02,0.0
2024-07-18 15:36:16+00:00,btc_mxn,1133899.98,1133900.02,0.0
2024-07-18 15:36:17+00:00,btc_mxn,1133899.98,1133900.02,0.0
2024-07-18 15:36:18+00:00,btc_mxn,1133899.98,1133900.02,0.0
2024-07-18 15:36:19+00:00,btc_mxn,1133899.98,1133900.02,0.0
2024-07-18 15:36:20+00:00,btc_mxn,1133899.98,1133900.02,0.0
2024-07-18 15:36:21+00:00,btc_mxn,1133899.98,1133900.02,0.0
2024-07-18 15:36:22+00:00,btc_mxn,1133899.98,1133900.02,0.0
2024-07-18 15:36:23+00:00,btc_mxn,1133899.98,1133900.02,0.0
2024-07-18 15:36:24+00:00,btc_mxn,1133899.98,1133900.02,0.0
2024-07-18 15:36:25+00:00,btc_mxn,1133899.98,1133900.02,0.0
2024-07-18 15:36:26+00:00,btc_mxn,1133899.98,1133900.02,0.0
2024-07-18 15:36:28+00:00,btc_mxn,1133899.98,1133900.02,0.0
2024-07-18 15:36:29+00:00,btc_mxn,1133899.98,1133900.02,0.0
2024-07-18 15:36:30+00:00,btc_mxn,1133899.98,1133900.02,0.0
2024-07-18 15:36:31+00:00,btc_mxn,1133899.98,1133900.02,0.0
2024-07-18 15:36:32+00:00,btc_mxn,1133899.98,1133900.02,0.0
2024-07-18 15:36:33+00:00,btc_mxn,1133899.98,1133900.02,0.0
2024-07-18 15:36:34+00:00,btc_mxn,1133899.98,1133900.02,0.0
2024-07-18 15:36:35+00:00,btc_mxn,1133899.98,1133900.02,0.0
2024-07-18 15:36:36+00:00,btc_mxn,1133899.98,1133900.02,0.0
2024-07-18 15:36:37+00:00,btc_mxn,1133899.98,1133900.02,0.0
2024-07-18 15:36:38+00:00,btc_mxn,1133899.98,1133900.02,0.0
2024-07-18 15:36:39+00:00,btc_mxn,1133899.98,1133900.02,0.0
2024-07-18 15:36:40+00:00,btc_mxn,1133899.98,1133900.02,0.0
2024-07-18 15:36:41+00:00,btc_mxn,1133899.98,1133900.02,0.0
2024-07-18 15:36:42+00:00,btc_mxn,1133899.98,1133900.02,0.0
2024-07-18 15:36:43+00:00,btc_mxn,1133899.98,1133900.02,0.0
2024-07-18 15:36:44+00:00,btc_mxn,1133899.98,1133900.02,0.0
2024-07-18 15:36:45+00:00,btc_mxn,1133899.98,1133900.02,0.0
2024-07-18 15:36:46+00:00,btc_mxn,1133899.98,1133900.02,0.0
2024-07-18 15:36:47+00:00,btc_mxn,1133899.98,1133900.02,0.0
2024-07-18 15:36:48+00:00,btc_mxn,1133899.98,1133900.02,0.0
2024-07-18 15:36:49+00:00,btc_mxn,1133899.98,1133900.02,0.0
2024-07-18 15:36:50+00:00,btc_mxn,1133899.98,1133900.02,0.0
2024-07-18 15:36:51+00:00,btc_mxn,1133899.98,1133900.02,0.0
2024-07-18 15:36:52+00:00,btc_mxn,1133899.98,1133900.02,0.0
2024-07-18 15:36:53+00:00,btc_mxn,1133899.98,1133900.02,0.0
2024-07-18 15:36:54+00:00,btc_mxn,1133899.98,1133900.02,0.0
2024-07-18 15:36:55+00:00,btc_mxn,1133899.98,1133900.02,0.0
2024-07-18 15:36:56+00:00,btc_mxn,1133899.98,1133900.02,0.0
2024-07-18 15:36:57+00:00,btc_mxn,1133899.98,1133900.02,0.0
2024-07-18 15:36:58+00:00,btc_mxn,1133899.98,1133900.02,0.0
2024-07-18 15:36:59+00:00,btc_mxn,1133899.98,1133900.02,0.0
2024-07-18 15:37:00+00:00,btc_mxn,1133899.98,1133900.02,0.0
2024-07-18 15:37:01+00:00,btc_mxn,1133899.98,1133900.02,0.0
2024-07-18 15:37:02+00:00,btc_mxn,1133899.98,1133900.02,0.0
2024-07-18 15:37:03+00:00,btc_mxn,1133899.98,1133900.02,0.0
2024-07-18 15:37:04+00:00,btc_mxn,1133899.98,1133900.02,0.0
2024-07-18 15:37:05+00:00,btc_mxn,1133899.98,1133900.02,0.0
2024-07-18 15:37:06+00:00,btc_mxn,1133899.98,1133900.02,0.0
2024-07-18 15:37:07+00:00,btc_mxn,1133899.98,1133900.02,0.0
2024-07-18 15:37:08+00:00,btc_mxn,1133899.98,1133900.02,0.0
2024-07-18 15:37:09+00:00,btc_mxn,1133899.98,1133900.02,0.0
2024-07-18 15:37:10+00:00,btc_mxn,1133899.98,1133900.02,0.0
2024-07-18 15:37:11+00:00,btc_mxn,1133899.98,1133900.02,0.0
2024-07-18 15:37:12+00:00,btc_mxn,1133899.98,1133900.02,0.0
2024-07-18 15:37:13+00:00,btc_mxn,1133899.98,1133900.02,0.0
2024-07-18 15:37:14+00:00,btc_mxn,1133899.98,1133900.02,0.0
2024-07-18 15:37:15+00:00,btc_mxn,1133899.98,1133900.02,0.0
2024-07-18 15:37:16+00:00,btc_mxn,1133899.98,1133900.02,0.0
2024-07-18 15:37:17+00:00,btc_mxn,1133899.98,1133900.02,0.0
2024-07-18 15:37:18+00:00,btc_mxn,1133899.98,1133900.02,0.0
2024-07-18 15:37:19+00:00,btc_mxn,1133899.98,1133900.02,0.0
2024-07-18 15:37:20+00:00,btc_mxn,1133899.98,1133900.02,0.0
2024-07-18 15:37:21+00:00,btc_mxn,1133899.98,1133900.02,0.0
2024-07-18 15:37:22+00:00,btc_mxn,1133899.98,1133900.02,0.0
2024-07-18 15:37:23+00:00,btc_mxn,1133899.98,1133900.02,0.0
2024-07-18 15:37:24+00:00,btc_mxn,1133899.98,1133900.02,0.0
2024-07-18 15:37:25+00:00,btc_mxn,1133899.98,1133900.02,0.0
2024-07-18 15:37:26+00:00,btc_mxn,1133899.98,1133900.02,0.0
2024-07-18 15:37:27+00:00,btc_mxn,1133899.98,1133900.02,0.0
2024-07-18 15:37:28+00:00,btc_mxn,1133899.98,1133900.02,0.0
2024-07-18 15:37:30+00:00,btc_mxn,1133899.98,1133900.02,0.0
2024-07-18 15:37:31+00:00,btc_mxn,1133899.98,1133900.02,0.0
2024-07-18 15:37:32+00:00,btc_mxn,1133899.98,1133900.02,0.0
2024-07-18 15:37:33+00:00,btc_mxn,1133899.98,1133900.02,0.0
2024-07-18 15:37:34+00:00,btc_mxn,1133899.98,1133900.02,0.0
2024-07-18 15:37:35+00:00,btc_mxn,1133899.98,1133900.02,0.0
2024-07-18 15:37:36+00:00,btc_mxn,1133899.98,1133900.02,0.0
2024-07-18 15:37:37+00:00,btc_mxn,1133899.98,1133900.02,0.0
2024-07-18 15:37:38+00:00,btc_mxn,1133899.98,1133900.02,0.0
2024-07-18 15:37:39+00:00,btc_mxn,1133899.98,1133900.02,0.0
2024-07-18 15:37:40+00:00,btc_mxn,1133899.98,1133900.02,0.0
2024-07-18 15:37:41+00:00,btc_mxn,1133899.98,1133900.02,0.0
2024-07-18 15:37:42+00:00,btc_mxn,1133899.98,1133900.02,0.0
2024-07-18 15:37:43+00:00,btc_mxn,1133899.98,1133900.02,0.0
2024-07-18 15:37:44+00:00,btc_mxn,1133899.98,1133900.02,0.0
2024-07-18 15:37:45+00:00,btc_mxn,1133899.98,1133900.02,0.0
2024-07-18 15:37:46+00:00,btc_mxn,1133899.98,1133900.02,0.0
2024-07-18 15:37:47+00:00,btc_mxn,1133899.98,1133900.02,0.0
2024-07-18 15:37:48+00:00,btc_mxn,1133899.98,1133900.02,0.0
2024-07-18 15:37:49+00:00,btc_mxn,1133899.98,1133900.02,0.0
2024-07-18 15:37:50+00:00,btc_mxn,1133899.98,1133900.02,0.0
2024-07-18 15:37:51+00:00,btc_mxn,1133899.98,1133900.02,0.0
2024-07-18 15:37:52+00:00,btc_mxn,1133899.98,1133900.02,0.0
2024-07-18 15:37:53+00:00,btc_mxn,1133899.98,1133900.02,0.0
2024-07-18 15:37:54+00:00,btc_mxn,1133899.98,1133900.02,0.0
2024-07-18 15:37:55+00:00,btc_mxn,1133899.98,1133900.02,0.0
2024-07-18 15:37:56+00:00,btc_mxn,1133899.98,1133900.02,0.0
2024-07-18 15:37:57+00:00,btc_mxn,1133899.98,1133900.02,0.0
2024-07-18 15:37:58+00:00,btc_mxn,1133899.98,1133900.02,0.0
2024-07-18 15:37:59+00:00,btc_mxn,1133899.98,1133900.02,0.0
2024-07-18 15:38:00+00:00,btc_mxn,1133899.98,1133900.02,0.0
2024-07-18 15:38:01+00:00,btc_mxn,1133899.98,1133900.02,0.0
2024-07-18 15:38:02+00:00,btc_mxn,1133899.98,1133900.02,0.0
2024-07-18 15:38:03+00:00,btc_mxn,1133899.98,1133900.02,0.0
2024-07-18 15:38:04+00:00,btc_mxn,1133899.98,1133900.02,0.0
2024-07-18 15:38:05+00:00,btc_mxn,1133899.98,1133900.02,0.0
2024-07-18 15:38:06+00:00,btc_mxn,1133899.98,1133900.02,0.0
2024-07-18 15:38:07+00:00,btc_mxn,1133899.98,1133900.02,0.0
2024-07-18 15:38:08+00:00,btc_mxn,1133899.98,1133900.02,0.0
2024-07-18 15:38:09+00:00,btc_mxn,1133899.98,1133900.02,0.0
2024-07-18 15:38:10+00:00,btc_mxn,1133899.98,1133900.02,0.0
2024-07-18 15:38:11+00:00,btc_mxn,1133899.98,1133900.02,0.0
2024-07-18 15:38:12+00:00,btc_mxn,1133899.98,1133900.02,0.0
2024-07-18 15:38:13+00:00,btc_mxn,1133899.98,1133900.02,0.0
2024-07-18 15:38:14+00:00,btc_mxn,1133899.98,1133900.02,0.0
2024-07-18 15:38:15+00:00,btc_mxn,1133899.98,1133900.02,0.0
2024-07-18 15:38:16+00:00,btc_mxn,1133899.98,1133900.02,0.0
2024-07-18 15:38:17+00:00,btc_mxn,1133899.98,1133900.02,0.0
2024-07-18 15:38:18+00:00,btc_mxn,1133899.98,1133900.02,0.0
2024-07-18 15:38:19+00:00,btc_mxn,1133899.98,1133900.02,0.0
2024-07-18 15:38:20+00:00,btc_mxn,1133899.98,1133900.02,0.0
2024-07-18 15:38:21+00:00,btc_mxn,1133899.98,1133900.02,0.0
2024-07-18 15:38:22+00:00,btc_mxn,1133899.98,1133900.02,0.0
2024-07-18 15:38:23+00:00,btc_mxn,1133899.98,1133900.02,0.0
2024-07-18 15:38:24+00:00,btc_mxn,1133899.98,1133900.02,0.0
2024-07-18 15:38:25+00:00,btc_mxn,1133899.98,1133900.02,0.0
2024-07-18 15:38:26+00:00,btc_mxn,1133899.98,1133900.02,0.0
2024-07-18 15:38:27+00:00,btc_mxn,1133899.98,1133900.02,0.0
2024-07-18 15:38:28+00:00,btc_mxn,1133899.98,1133900.02,0.0
2024-07-18 15:38:29+00:00,btc_mxn,1133899.98,1133900.02,0.0
2024-07-18 15:38:30+00:00,btc_mxn,1133899.98,1133900.02,0.0
2024-07-18 15:38:31+00:00,btc_mxn,1133899.98,1133900.02,0.0
2024-07-18 15:38:32+00:00,btc_mxn,1133899.98,1133900.02,0.0
2024-07-18 15:38:34+00:00,btc_mxn,1133899.98,1133900.02,0.0
2024-07-18 15:38:34+00:00,btc_mxn,1133899.98,1133900.02,0.0
2024-07-18 15:38:36+00:00,btc_mxn,1133899.98,1133900.02,0.0
2024-07-18 15:38:37+00:00,btc_mxn,1133899.98,1133900.02,0.0
2024-07-18 15:38:38+00:00,btc_mxn,1133899.98,1133900.02,0.0
2024-07-18 15:38:39+00:00,btc_mxn,1133899.98,1133900.02,0.0
2024-07-18 15:38:40+00:00,btc_mxn,1133899.98,1133900.02,0.0
2024-07-18 15:38:41+00:00,btc_mxn,1133899.98,1133900.02,0.0
2024-07-18 15:38:42+00:00,btc_mxn,1133899.98,1133900.02,0.0
2024-07-18 15:38:43+00:00,btc_mxn,1133899.98,1133900.02,0.0
2024-07-18 15:38:44+00:00,btc_mxn,1133899.98,1133900.02,0.0
2024-07-18 15:38:45+00:00,btc_mxn,1133899.98,1133900.02,0.0
2024-07-18 15:38:46+00:00,btc_mxn,1133899.98,1133900.02,0.0
2024-07-18 15:38:47+00:00,btc_mxn,1133899.98,1133900.02,0.0
2024-07-18 15:38:48+00:00,btc_mxn,1133899.98,1133900.02,0.0
2024-07-18 15:38:49+00:00,btc_mxn,1133899.98,1133900.02,0.0
2024-07-18 15:38:50+00:00,btc_mxn,1133899.98,1133900.02,0.0
2024-07-18 15:38:51+00:00,btc_mxn,1133899.98,1133900.02,0.0
2024-07-18 15:38:52+00:00,btc_mxn,1133899.98,1133900.02,0.0
2024-07-18 15:38:53+00:00,btc_mxn,1133899.98,1133900.02,0.0
2024-07-18 15:38:54+00:00,btc_mxn,1133899.98,1133900.02,0.0
2024-07-18 15:38:55+00:00,btc_mxn,1133899.98,1133900.02,0.0
2024-07-18 15:38:56+00:00,btc_mxn,1133899.98,1133900.02,0.0
2024-07-18 15:38:57+00:00,btc_mxn,1133899.98,1133900.02,0.0
2024-07-18 15:38:58+00:00,btc_mxn,1133899.98,1133900.02,0.0
2024-07-18 15:38:59+00:00,btc_mxn,1133899.98,1133900.02,0.0
2024-07-18 15:39:00+00:00,btc_mxn,1134340.0,1135110.0,0.068
2024-07-18 15:39:01+00:00,btc_mxn,1134340.0,1135110.0,0.068
2024-07-18 15:39:02+00:00,btc_mxn,1134340.0,1135110.0,0.068
2024-07-18 15:39:03+00:00,btc_mxn,1134340.0,1135110.0,0.068
2024-07-18 15:39:04+00:00,btc_mxn,1134340.0,1135110.0,0.068
2024-07-18 15:39:05+00:00,btc_mxn,1134340.0,1135110.0,0.068
2024-07-18 15:39:06+00:00,btc_mxn,1134340.0,1135110.0,0.068
2024-07-18 15:39:07+00:00,btc_mxn,1134340.0,1135110.0,0.068
2024-07-18 15:39:08+00:00,btc_mxn,1134340.0,1135110.0,0.068
2024-07-18 15:39:09+00:00,btc_mxn,1134340.0,1135110.0,0.068
2024-07-18 15:39:10+00:00,btc_mxn,1134340.0,1135110.0,0.068
2024-07-18 15:39:11+00:00,btc_mxn,1134340.0,1135110.0,0.068
2024-07-18 15:39:12+00:00,btc_mxn,1134340.0,1135110.0,0.068
2024-07-18 15:39:13+00:00,btc_mxn,1134340.0,1135110.0,0.068
2024-07-18 15:39:14+00:00,btc_mxn,1134340.0,1135110.0,0.068
2024-07-18 15:39:15+00:00,btc_mxn,1134340.0,1135110.0,0.068
2024-07-18 15:39:16+00:00,btc_mxn,1134340.0,1135110.0,0.068
2024-07-18 15:39:17+00:00,btc_mxn,1134340.0,1135110.0,0.068
2024-07-18 15:39:18+00:00,btc_mxn,1134340.0,1135110.0,0.068
2024-07-18 15:39:19+00:00,btc_mxn,1134340.0,1135110.0,0.068
2024-07-18 15:39:20+00:00,btc_mxn,1134610.0,1135110.0,0.044
2024-07-18 15:39:21+00:00,btc_mxn,1134640.0,1135110.0,0.041
2024-07-18 15:39:22+00:00,btc_mxn,1134640.0,1135110.0,0.041
2024-07-18 15:39:23+00:00,btc_mxn,1134640.0,1135110.0,0.041
2024-07-18 15:39:24+00:00,btc_mxn,1134640.0,1135660.0,0.09
2024-07-18 15:39:25+00:00,btc_mxn,1134740.0,1135660.0,0.081
2024-07-18 15:39:26+00:00,btc_mxn,1134740.0,1135660.0,0.081
2024-07-18 15:39:27+00:00,btc_mxn,1134740.0,1135660.0,0.081
2024-07-18 15:39:28+00:00,btc_mxn,1134740.0,1135660.0,0.081
2024-07-18 15:39:29+00:00,btc_mxn,1134740.0,1135660.0,0.081
2024-07-18 15:39:30+00:00,btc_mxn,1134740.0,1135660.0,0.081
2024-07-18 15:39:31+00:00,btc_mxn,1134740.0,1135660.0,0.081
2024-07-18 15:39:32+00:00,btc_mxn,1134740.0,1135660.0,0.081
2024-07-18 15:39:33+00:00,btc_mxn,1134740.0,1135660.0,0.081
2024-07-18 15:39:34+00:00,btc_mxn,1134740.0,1135660.0,0.081
2024-07-18 15:39:35+00:00,btc_mxn,1134740.0,1135660.0,0.081
2024-07-18 15:39:36+00:00,btc_mxn,1134740.0,1135660.0,0.081
2024-07-18 15:39:37+00:00,btc_mxn,1134740.0,1135660.0,0.081
2024-07-18 15:39:39+00:00,btc_mxn,1134740.0,1135660.0,0.081
2024-07-18 15:39:39+00:00,btc_mxn,1134740.0,1135660.0,0.081
2024-07-18 15:39:41+00:00,btc_mxn,1134740.0,1135660.0,0.081
2024-07-18 15:39:42+00:00,btc_mxn,1134740.0,1135660.0,0.081
2024-07-18 15:39:43+00:00,btc_mxn,1134740.0,1135660.0,0.081
2024-07-18 15:39:44+00:00,btc_mxn,1134740.0,1135660.0,0.081
2024-07-18 15:39:45+00:00,btc_mxn,1134740.0,1135660.0,0.081
2024-07-18 15:39:46+00:00,btc_mxn,1134740.0,1135660.0,0.081
2024-07-18 15:39:47+00:00,btc_mxn,1134740.0,1135660.0,0.081
2024-07-18 15:39:48+00:00,btc_mxn,1134740.0,1135660.0,0.081
2024-07-18 15:39:49+00:00,btc_mxn,1134740.0,1135660.0,0.081
2024-07-18 15:39:50+00:00,btc_mxn,1134740.0,1135660.0,0.081
2024-07-18 15:39:51+00:00,btc_mxn,1134740.0,1135660.0,0.081
2024-07-18 15:39:52+00:00,btc_mxn,1134740.0,1135660.0,0.081
2024-07-18 15:39:53+00:00,btc_mxn,1134740.0,1135660.0,0.081
2024-07-18 15:39:54+00:00,btc_mxn,1134740.0,1135660.0,0.081
2024-07-18 15:39:55+00:00,btc_mxn,1134740.0,1135660.0,0.081
2024-07-18 15:39:56+00:00,btc_mxn,1134740.0,1135660.0,0.081
2024-07-18 15:39:57+00:00,btc_mxn,1134740.0,1135660.0,0.081
2024-07-18 15:39:58+00:00,btc_mxn,1134740.0,1135660.0,0.081
2024-07-18 15:39:59+00:00,btc_mxn,1134740.0,1135660.0,0.081
2024-07-18 15:40:00+00:00,btc_mxn,1135020.0,1135660.0,0.056
2024-07-18 15:40:01+00:00,btc_mxn,1135030.0,1135660.0,0.055
2024-07-18 15:40:02+00:00,btc_mxn,1135030.0,1135660.0,0.055
2024-07-18 15:40:03+00:00,btc_mxn,1135030.0,1135660.0,0.055
2024-07-18 15:40:04+00:00,btc_mxn,1135030.0,1135660.0,0.055
2024-07-18 15:40:05+00:00,btc_mxn,1135030.0,1135660.0,0.055
2024-07-18 15:40:06+00:00,btc_mxn,1135030.0,1135660.0,0.055
2024-07-18 15:40:07+00:00,btc_mxn,1135030.0,1135660.0,0.055
2024-07-18 15:40:08+00:00,btc_mxn,1135030.0,1135660.0,0.055
2024-07-18 15:40:09+00:00,btc_mxn,1135030.0,1135660.0,0.055
2024-07-18 15:40:10+00:00,btc_mxn,1135030.0,1135660.0,0.055
2024-07-18 15:40:11+00:00,btc_mxn,1135030.0,1135660.0,0.055
2024-07-18 15:40:12+00:00,btc_mxn,1135180.0,1135660.0,0.042
2024-07-18 15:40:13+00:00,btc_mxn,1135180.0,1135660.0,0.042
2024-07-18 15:40:14+00:00,btc_mxn,1135180.0,1135660.0,0.042
2024-07-18 15:40:15+00:00,btc_mxn,1135180.0,1135660.0,0.042
2024-07-18 15:40:16+00:00,btc_mxn,1135180.0,1135660.0,0.042
2024-07-18 15:40:17+00:00,btc_mxn,1135180.0,1135660.0,0.042
2024-07-18 15:40:18+00:00,btc_mxn,1135180.0,1135660.0,0.042
2024-07-18 15:40:19+00:00,btc_mxn,1135180.0,1135660.0,0.042
2024-07-18 15:40:20+00:00,btc_mxn,1135180.0,1135660.0,0.042
2024-07-18 15:40:21+00:00,btc_mxn,1135180.0,1135660.0,0.042
2024-07-18 15:40:22+00:00,btc_mxn,1135180.0,1135660.0,0.042
2024-07-18 15:40:23+00:00,btc_mxn,1135180.0,1135660.0,0.042
2024-07-18 15:40:24+00:00,btc_mxn,1135350.0,1135660.0,0.027
2024-07-18 15:40:25+00:00,btc_mxn,1135390.0,1135660.0,0.024
2024-07-18 15:40:26+00:00,btc_mxn,1135390.0,1135660.0,0.024
2024-07-18 15:40:27+00:00,btc_mxn,1135390.0,1135660.0,0.024
2024-07-18 15:40:28+00:00,btc_mxn,1135520.0,1135660.0,0.012
2024-07-18 15:40:29+00:00,btc_mxn,1135540.0,1135660.0,0.011
2024-07-18 15:40:30+00:00,btc_mxn,1135540.0,1135660.0,0.011
2024-07-18 15:40:31+00:00,btc_mxn,1135540.0,1135660.0,0.011
2024-07-18 15:40:32+00:00,btc_mxn,1135540.0,1135660.0,0.011
2024-07-18 15:40:33+00:00,btc_mxn,1135540.0,1135660.0,0.011
2024-07-18 15:40:34+00:00,btc_mxn,1135540.0,1135660.0,0.011
2024-07-18 15:40:35+00:00,btc_mxn,1135540.0,1135660.0,0.011
2024-07-18 15:40:36+00:00,btc_mxn,1135540.0,1135660.0,0.011
2024-07-18 15:40:37+00:00,btc_mxn,1135540.0,1135660.0,0.011
2024-07-18 15:40:38+00:00,btc_mxn,1135540.0,1135660.0,0.011
2024-07-18 15:40:40+00:00,btc_mxn,1135540.0,1135660.0,0.011
2024-07-18 15:40:41+00:00,btc_mxn,1135540.0,1135660.0,0.011
2024-07-18 15:40:42+00:00,btc_mxn,1135540.0,1135660.0,0.011
2024-07-18 15:40:43+00:00,btc_mxn,1135540.0,1135660.0,0.011
2024-07-18 15:40:44+00:00,btc_mxn,1135540.0,1135660.0,0.011
2024-07-18 15:40:45+00:00,btc_mxn,1135540.0,1135660.0,0.011
2024-07-18 15:40:46+00:00,btc_mxn,1135540.0,1135660.0,0.011
2024-07-18 15:40:47+00:00,btc_mxn,1135540.0,1135660.0,0.011
2024-07-18 15:40:48+00:00,btc_mxn,1135540.0,1135660.0,0.011
2024-07-18 15:40:49+00:00,btc_mxn,1135540.0,1135660.0,0.011
2024-07-18 15:40:50+00:00,btc_mxn,1135540.0,1135660.0,0.011
2024-07-18 15:40:51+00:00,btc_mxn,1135540.0,1135660.0,0.011
2024-07-18 15:40:52+00:00,btc_mxn,1135540.0,1135660.0,0.011
2024-07-18 15:40:53+00:00,btc_mxn,1135540.0,1135660.0,0.011
2024-07-18 15:40:54+00:00,btc_mxn,1135540.0,1135660.0,0.011
2024-07-18 15:40:55+00:00,btc_mxn,1135540.0,1135660.0,0.011
2024-07-18 15:40:56+00:00,btc_mxn,1135540.0,1135660.0,0.011
2024-07-18 15:40:57+00:00,btc_mxn,1135540.0,1135660.0,0.011
2024-07-18 15:40:58+00:00,btc_mxn,1135540.0,1135660.0,0.011
2024-07-18 15:40:59+00:00,btc_mxn,1135540.0,1135660.0,0.011
2024-07-18 15:41:00+00:00,btc_mxn,1135390.0,1135660.0,0.024
2024-07-18 15:41:01+00:00,btc_mxn,1135390.0,1135660.0,0.024
2024-07-18 15:41:02+00:00,btc_mxn,1136060.0,1141360.0,0.464
2024-07-18 15:41:03+00:00,btc_mxn,1136070.0,1141170.0,0.447
2024-07-18 15:41:04+00:00,btc_mxn,1136120.0,1136660.0,0.048
2024-07-18 15:41:05+00:00,btc_mxn,1136659.98,1136660.0,0.0
2024-07-18 15:41:06+00:00,btc_mxn,1136659.98,1136660.0,0.0
2024-07-18 15:41:07+00:00,btc_mxn,1136659.98,1136660.0,0.0
2024-07-18 15:41:08+00:00,btc_mxn,1136659.98,1136660.0,0.0
2024-07-18 15:41:09+00:00,btc_mxn,1136659.98,1136660.0,0.0
2024-07-18 15:41:10+00:00,btc_mxn,1136659.98,1136660.0,0.0
2024-07-18 15:41:11+00:00,btc_mxn,1136659.98,1136660.0,0.0
2024-07-18 15:41:12+00:00,btc_mxn,1136659.98,1136660.0,0.0
2024-07-18 15:41:13+00:00,btc_mxn,1136659.98,1136660.0,0.0
2024-07-18 15:41:14+00:00,btc_mxn,1136659.98,1136660.0,0.0
2024-07-18 15:41:15+00:00,btc_mxn,1136659.98,1136660.0,0.0
2024-07-18 15:41:16+00:00,btc_mxn,1136659.98,1136660.0,0.0
2024-07-18 15:41:17+00:00,btc_mxn,1136659.98,1136660.0,0.0
2024-07-18 15:41:18+00:00,btc_mxn,1136659.98,1136660.0,0.0
2024-07-18 15:41:19+00:00,btc_mxn,1136659.98,1136660.0,0.0
2024-07-18 15:41:20+00:00,btc_mxn,1136659.98,1136660.0,0.0
2024-07-18 15:41:21+00:00,btc_mxn,1136659.98,1136660.0,0.0
2024-07-18 15:41:22+00:00,btc_mxn,1136659.98,1136660.0,0.0
2024-07-18 15:41:23+00:00,btc_mxn,1136659.98,1136660.0,0.0
2024-07-18 15:41:24+00:00,btc_mxn,1136659.98,1136660.0,0.0
2024-07-18 15:41:25+00:00,btc_mxn,1136659.98,1136660.0,0.0
2024-07-18 15:41:26+00:00,btc_mxn,1136659.98,1136660.0,0.0
2024-07-18 15:41:27+00:00,btc_mxn,1136659.98,1136660.0,0.0
2024-07-18 15:41:28+00:00,btc_mxn,1136659.98,1136660.0,0.0
2024-07-18 15:41:29+00:00,btc_mxn,1136659.98,1136660.0,0.0
2024-07-18 15:41:30+00:00,btc_mxn,1136659.98,1136660.0,0.0
2024-07-18 15:41:31+00:00,btc_mxn,1136659.98,1136660.0,0.0
2024-07-18 15:41:32+00:00,btc_mxn,1136659.98,1136660.0,0.0
2024-07-18 15:41:33+00:00,btc_mxn,1136659.98,1136660.0,0.0
2024-07-18 15:41:34+00:00,btc_mxn,1136659.98,1136660.0,0.0
2024-07-18 15:41:35+00:00,btc_mxn,1136659.98,1136660.0,0.0
2024-07-18 15:41:37+00:00,btc_mxn,1136659.98,1136660.0,0.0
2024-07-18 15:41:38+00:00,btc_mxn,1136659.98,1136660.0,0.0
2024-07-18 15:41:39+00:00,btc_mxn,1136659.98,1136660.0,0.0
2024-07-18 15:41:40+00:00,btc_mxn,1136659.98,1136660.0,0.0
2024-07-18 15:41:41+00:00,btc_mxn,1136659.98,1136660.0,0.0
2024-07-18 15:41:42+00:00,btc_mxn,1136659.98,1136660.0,0.0
2024-07-18 15:41:43+00:00,btc_mxn,1136659.98,1136660.0,0.0
2024-07-18 15:41:44+00:00,btc_mxn,1136659.98,1136660.0,0.0
2024-07-18 15:41:45+00:00,btc_mxn,1136659.98,1136660.0,0.0
2024-07-18 15:41:46+00:00,btc_mxn,1136659.98,1136660.0,0.0
2024-07-18 15:41:47+00:00,btc_mxn,1136659.98,1136660.0,0.0
2024-07-18 15:41:48+00:00,btc_mxn,1136659.98,1136660.0,0.0
2024-07-18 15:41:49+00:00,btc_mxn,1136659.98,1136660.0,0.0
2024-07-18 15:41:50+00:00,btc_mxn,1136659.98,1136660.0,0.0
2024-07-18 15:41:51+00:00,btc_mxn,1136659.98,1136660.0,0.0
2024-07-18 15:41:52+00:00,btc_mxn,1136659.98,1136660.0,0.0
2024-07-18 15:41:53+00:00,btc_mxn,1136659.98,1136660.0,0.0
2024-07-18 15:41:54+00:00,btc_mxn,1136659.98,1136660.0,0.0
2024-07-18 15:41:55+00:00,btc_mxn,1136659.98,1136660.0,0.0
2024-07-18 15:41:56+00:00,btc_mxn,1136659.98,1136660.0,0.0
2024-07-18 15:41:57+00:00,btc_mxn,1136659.98,1136660.0,0.0
2024-07-18 15:41:58+00:00,btc_mxn,1136659.98,1136660.0,0.0
2024-07-18 15:41:59+00:00,btc_mxn,1136659.98,1136660.0,0.0
2024-07-18 15:42:00+00:00,btc_mxn,1136659.98,1136660.0,0.0
2024-07-18 15:42:01+00:00,btc_mxn,1136659.98,1136660.0,0.0
2024-07-18 15:42:02+00:00,btc_mxn,1136659.98,1136660.0,0.0
2024-07-18 15:42:03+00:00,btc_mxn,1136659.98,1136660.0,0.0
2024-07-18 15:42:04+00:00,btc_mxn,1136659.98,1136660.0,0.0
2024-07-18 15:42:05+00:00,btc_mxn,1136659.98,1136660.0,0.0
2024-07-18 15:42:06+00:00,btc_mxn,1136659.98,1136660.0,0.0
2024-07-18 15:42:07+00:00,btc_mxn,1136659.98,1136660.0,0.0
2024-07-18 15:42:08+00:00,btc_mxn,1136659.98,1136660.0,0.0
2024-07-18 15:42:09+00:00,btc_mxn,1136659.98,1136660.0,0.0
2024-07-18 15:42:10+00:00,btc_mxn,1136659.98,1136660.0,0.0
2024-07-18 15:42:11+00:00,btc_mxn,1136659.98,1136660.0,0.0
2024-07-18 15:42:12+00:00,btc_mxn,1136659.98,1136660.0,0.0
2024-07-18 15:42:13+00:00,btc_mxn,1136659.98,1136660.0,0.0
2024-07-18 15:42:14+00:00,btc_mxn,1136659.98,1136660.0,0.0
2024-07-18 15:42:15+00:00,btc_mxn,1136659.98,1136660.0,0.0
2024-07-18 15:42:16+00:00,btc_mxn,1136659.98,1136660.0,0.0
2024-07-18 15:42:17+00:00,btc_mxn,1136659.98,1136660.0,0.0
2024-07-18 15:42:18+00:00,btc_mxn,1136659.98,1136660.0,0.0
2024-07-18 15:42:19+00:00,btc_mxn,1136659.98,1136660.0,0.0
2024-07-18 15:42:20+00:00,btc_mxn,1136659.98,1136660.0,0.0
2024-07-18 15:42:21+00:00,btc_mxn,1136659.98,1136660.0,0.0
2024-07-18 15:42:22+00:00,btc_mxn,1136659.98,1136660.0,0.0
2024-07-18 15:42:23+00:00,btc_mxn,1136659.98,1136660.0,0.0
2024-07-18 15:42:24+00:00,btc_mxn,1136659.98,1136660.0,0.0
2024-07-18 15:42:25+00:00,btc_mxn,1136659.98,1136660.0,0.0
2024-07-18 15:42:26+00:00,btc_mxn,1136659.98,1136660.0,0.0
2024-07-18 15:42:27+00:00,btc_mxn,1136659.98,1136660.0,0.0
2024-07-18 15:42:28+00:00,btc_mxn,1136659.98,1136660.0,0.0
2024-07-18 15:42:29+00:00,btc_mxn,1136659.98,1136660.0,0.0
2024-07-18 15:42:30+00:00,btc_mxn,1136659.98,1136660.0,0.0
2024-07-18 15:42:32+00:00,btc_mxn,1136659.98,1136660.0,0.0
2024-07-18 15:42:33+00:00,btc_mxn,1136659.98,1136660.0,0.0
2024-07-18 15:42:34+00:00,btc_mxn,1136659.98,1136660.0,0.0
2024-07-18 15:42:35+00:00,btc_mxn,1136659.98,1136660.0,0.0
2024-07-18 15:42:36+00:00,btc_mxn,1136659.98,1136660.0,0.0
2024-07-18 15:42:37+00:00,btc_mxn,1136659.98,1136660.0,0.0
2024-07-18 15:42:38+00:00,btc_mxn,1136659.98,1136660.0,0.0
2024-07-18 15:42:39+00:00,btc_mxn,1136659.98,1136660.0,0.0
2024-07-18 15:42:40+00:00,btc_mxn,1136659.98,1136660.0,0.0
2024-07-18 15:42:41+00:00,btc_mxn,1136659.98,1136660.0,0.0
2024-07-18 15:42:42+00:00,btc_mxn,1136659.98,1136660.0,0.0
2024-07-18 15:42:43+00:00,btc_mxn,1136659.98,1136660.0,0.0
2024-07-18 15:42:44+00:00,btc_mxn,1136659.98,1136660.0,0.0
2024-07-18 15:42:45+00:00,btc_mxn,1136659.98,1136660.0,0.0
2024-07-18 15:42:46+00:00,btc_mxn,1136659.98,1136660.0,0.0
2024-07-18 15:42:47+00:00,btc_mxn,1136659.98,1136660.0,0.0
2024-07-18 15:42:48+00:00,btc_mxn,1136659.98,1136660.0,0.0
2024-07-18 15:42:49+00:00,btc_mxn,1136659.98,1136660.0,0.0
2024-07-18 15:42:50+00:00,btc_mxn,1136659.98,1136660.0,0.0
2024-07-18 15:42:51+00:00,btc_mxn,1136659.98,1136660.0,0.0
2024-07-18 15:42:52+00:00,btc_mxn,1136659.98,1136660.0,0.0
2024-07-18 15:42:53+00:00,btc_mxn,1136659.98,1136660.0,0.0
2024-07-18 15:42:54+00:00,btc_mxn,1136659.98,1136660.0,0.0
2024-07-18 15:42:55+00:00,btc_mxn,1136659.98,1136660.0,0.0
2024-07-18 15:42:56+00:00,btc_mxn,1136659.98,1136660.0,0.0
2024-07-18 15:42:57+00:00,btc_mxn,1136659.98,1136660.0,0.0
2024-07-18 15:42:58+00:00,btc_mxn,1136659.98,1136660.0,0.0
2024-07-18 15:42:59+00:00,btc_mxn,1136659.98,1136660.0,0.0
2024-07-18 15:43:00+00:00,btc_mxn,1136659.98,1136660.0,0.0
2024-07-18 15:43:01+00:00,btc_mxn,1136659.98,1136660.0,0.0
2024-07-18 15:43:02+00:00,btc_mxn,1136659.98,1136660.0,0.0
2024-07-18 15:43:03+00:00,btc_mxn,1136659.98,1136660.02,0.0
2024-07-18 15:43:04+00:00,btc_mxn,1136659.98,1136660.02,0.0
2024-07-18 15:43:05+00:00,btc_mxn,1136659.98,1136660.02,0.0
2024-07-18 15:43:06+00:00,btc_mxn,1136659.98,1136660.02,0.0
2024-07-18 15:43:07+00:00,btc_mxn,1136659.98,1136660.02,0.0
2024-07-18 15:43:08+00:00,btc_mxn,1136659.98,1136660.02,0.0
2024-07-18 15:43:09+00:00,btc_mxn,1136659.98,1136660.02,0.0
2024-07-18 15:43:10+00:00,btc_mxn,1136659.98,1136660.02,0.0
2024-07-18 15:43:11+00:00,btc_mxn,1136659.98,1136660.02,0.0
2024-07-18 15:43:12+00:00,btc_mxn,1136659.98,1136660.02,0.0
2024-07-18 15:43:13+00:00,btc_mxn,1136659.98,1136660.02,0.0
2024-07-18 15:43:14+00:00,btc_mxn,1136659.98,1136660.02,0.0
2024-07-18 15:43:15+00:00,btc_mxn,1136659.98,1136660.02,0.0
2024-07-18 15:43:16+00:00,btc_mxn,1136659.98,1136660.02,0.0
2024-07-18 15:43:17+00:00,btc_mxn,1136659.98,1136660.02,0.0
2024-07-18 15:43:18+00:00,btc_mxn,1136659.98,1136660.02,0.0
2024-07-18 15:43:19+00:00,btc_mxn,1136659.98,1136660.02,0.0
2024-07-18 15:43:20+00:00,btc_mxn,1136659.98,1136660.02,0.0
2024-07-18 15:43:21+00:00,btc_mxn,1136659.98,1136660.02,0.0
2024-07-18 15:43:22+00:00,btc_mxn,1136659.98,1136660.02,0.0
2024-07-18 15:43:23+00:00,btc_mxn,1136659.98,1136660.02,0.0
2024-07-18 15:43:24+00:00,btc_mxn,1136659.98,1136660.02,0.0
2024-07-18 15:43:25+00:00,btc_mxn,1136659.98,1136660.02,0.0
2024-07-18 15:43:26+00:00,btc_mxn,1136659.98,1136660.02,0.0
2024-07-18 15:43:27+00:00,btc_mxn,1136659.98,1136660.02,0.0
2024-07-18 15:43:28+00:00,btc_mxn,1136659.98,1136660.02,0.0
2024-07-18 15:43:30+00:00,btc_mxn,1136659.98,1136660.02,0.0
2024-07-18 15:43:30+00:00,btc_mxn,1136659.98,1136660.02,0.0
2024-07-18 15:43:31+00:00,btc_mxn,1136659.98,1136660.02,0.0
2024-07-18 15:43:32+00:00,btc_mxn,1136659.98,1136660.02,0.0
2024-07-18 15:43:33+00:00,btc_mxn,1136659.98,1136660.02,0.0
2024-07-18 15:43:34+00:00,btc_mxn,1136659.98,1136660.02,0.0
2024-07-18 15:43:35+00:00,btc_mxn,1136659.98,1136660.02,0.0
2024-07-18 15:43:37+00:00,btc_mxn,1136659.98,1136660.02,0.0
2024-07-18 15:43:37+00:00,btc_mxn,1136659.98,1136660.02,0.0
2024-07-18 15:43:39+00:00,btc_mxn,1136659.98,1136660.02,0.0
2024-07-18 15:43:39+00:00,btc_mxn,1136659.98,1136660.02,0.0
2024-07-18 15:43:40+00:00,btc_mxn,1136659.98,1136660.02,0.0
2024-07-18 15:43:42+00:00,btc_mxn,1136659.98,1136660.02,0.0
2024-07-18 15:43:43+00:00,btc_mxn,1136659.98,1136660.02,0.0
2024-07-18 15:43:44+00:00,btc_mxn,1136659.98,1136660.02,0.0
2024-07-18 15:43:45+00:00,btc_mxn,1136659.98,1136660.02,0.0
2024-07-18 15:43:46+00:00,btc_mxn,1136659.98,1136660.02,0.0
2024-07-18 15:43:47+00:00,btc_mxn,1136659.98,1136660.02,0.0
2024-07-18 15:43:48+00:00,btc_mxn,1136659.98,1136660.02,0.0
2024-07-18 15:43:49+00:00,btc_mxn,1136659.98,1136660.02,0.0
2024-07-18 15:43:50+00:00,btc_mxn,1136659.98,1136660.02,0.0
2024-07-18 15:43:51+00:00,btc_mxn,1136659.98,1136660.02,0.0
2024-07-18 15:43:52+00:00,btc_mxn,1136659.98,1136660.02,0.0
2024-07-18 15:43:53+00:00,btc_mxn,1136659.98,1136660.02,0.0
2024-07-18 15:43:54+00:00,btc_mxn,1136659.98,1136660.02,0.0
2024-07-18 15:43:55+00:00,btc_mxn,1136659.98,1136660.02,0.0
2024-07-18 15:43:56+00:00,btc_mxn,1136659.98,1136660.02,0.0
2024-07-18 15:43:57+00:00,btc_mxn,1136659.98,1136660.02,0.0
2024-07-18 15:43:58+00:00,btc_mxn,1136659.98,1136660.02,0.0
2024-07-18 15:43:59+00:00,btc_mxn,1136659.98,1136660.02,0.0
2024-07-18 15:44:00+00:00,btc_mxn,1136659.98,1136660.02,0.0
2024-07-18 15:44:01+00:00,btc_mxn,1136659.98,1136660.02,0.0
2024-07-18 15:44:02+00:00,btc_mxn,1136659.98,1136660.02,0.0
2024-07-18 15:44:03+00:00,btc_mxn,1136659.98,1136660.02,0.0
2024-07-18 15:44:04+00:00,btc_mxn,1136659.98,1136660.02,0.0
2024-07-18 15:44:05+00:00,btc_mxn,1136659.98,1136660.02,0.0
2024-07-18 15:44:06+00:00,btc_mxn,1136659.98,1136660.02,0.0
2024-07-18 15:44:07+00:00,btc_mxn,1136659.98,1136660.02,0.0
2024-07-18 15:44:08+00:00,btc_mxn,1136659.98,1136660.02,0.0
2024-07-18 15:44:09+00:00,btc_mxn,1136659.98,1136660.02,0.0
2024-07-18 15:44:10+00:00,btc_mxn,1136659.98,1136660.02,0.0
2024-07-18 15:44:11+00:00,btc_mxn,1136659.98,1136660.02,0.0
2024-07-18 15:44:12+00:00,btc_mxn,1136659.98,1136660.02,0.0
2024-07-18 15:44:13+00:00,btc_mxn,1136659.98,1136660.02,0.0
