orderbook_timestamp,book,bid,ask,spread
2024-07-17 02:40:45+00:00,usd_mxn,17.63,17.64,0.057
2024-07-17 02:40:46+00:00,usd_mxn,17.63,17.64,0.057
2024-07-17 02:40:47+00:00,usd_mxn,17.63,17.64,0.057
2024-07-17 02:40:48+00:00,usd_mxn,17.63,17.64,0.057
2024-07-17 02:40:49+00:00,usd_mxn,17.63,17.64,0.057
2024-07-17 02:40:50+00:00,usd_mxn,17.63,17.64,0.057
2024-07-17 02:40:51+00:00,usd_mxn,17.63,17.64,0.057
2024-07-17 02:40:52+00:00,usd_mxn,17.63,17.64,0.057
2024-07-17 02:40:53+00:00,usd_mxn,17.63,17.64,0.057
2024-07-17 02:40:54+00:00,usd_mxn,17.63,17.64,0.057
2024-07-17 02:40:55+00:00,usd_mxn,17.63,17.64,0.057
2024-07-17 02:40:56+00:00,usd_mxn,17.63,17.64,0.057
2024-07-17 02:40:57+00:00,usd_mxn,17.63,17.64,0.057
2024-07-17 02:40:58+00:00,usd_mxn,17.63,17.64,0.057
2024-07-17 02:40:59+00:00,usd_mxn,17.63,17.64,0.057
2024-07-17 02:41:00+00:00,usd_mxn,17.63,17.64,0.057
2024-07-17 02:41:01+00:00,usd_mxn,17.63,17.64,0.057
2024-07-17 02:41:02+00:00,usd_mxn,17.63,17.64,0.057
2024-07-17 02:41:03+00:00,usd_mxn,17.63,17.64,0.057
2024-07-17 02:41:04+00:00,usd_mxn,17.63,17.64,0.057
2024-07-17 02:41:05+00:00,usd_mxn,17.63,17.64,0.057
2024-07-17 02:41:06+00:00,usd_mxn,17.63,17.64,0.057
2024-07-17 02:41:07+00:00,usd_mxn,17.63,17.64,0.057
2024-07-17 02:41:08+00:00,usd_mxn,17.63,17.64,0.057
2024-07-17 02:41:09+00:00,usd_mxn,17.63,17.64,0.057
2024-07-17 02:41:10+00:00,usd_mxn,17.63,17.64,0.057
2024-07-17 02:41:11+00:00,usd_mxn,17.63,17.64,0.057
2024-07-17 02:41:12+00:00,usd_mxn,17.63,17.64,0.057
2024-07-17 02:41:13+00:00,usd_mxn,17.63,17.64,0.057
2024-07-17 02:41:14+00:00,usd_mxn,17.63,17.64,0.057
2024-07-17 02:41:15+00:00,usd_mxn,17.63,17.64,0.057
2024-07-17 02:41:16+00:00,usd_mxn,17.63,17.64,0.057
2024-07-17 02:41:18+00:00,usd_mxn,17.63,17.64,0.057
2024-07-17 02:41:19+00:00,usd_mxn,17.63,17.64,0.057
2024-07-17 02:41:19+00:00,usd_mxn,17.63,17.64,0.057
2024-07-17 02:41:21+00:00,usd_mxn,17.63,17.64,0.057
2024-07-17 02:41:22+00:00,usd_mxn,17.63,17.64,0.057
2024-07-17 02:41:23+00:00,usd_mxn,17.63,17.64,0.057
2024-07-17 02:41:24+00:00,usd_mxn,17.63,17.64,0.057
2024-07-17 02:41:25+00:00,usd_mxn,17.63,17.64,0.057
2024-07-17 02:41:26+00:00,usd_mxn,17.62,17.64,0.113
2024-07-17 02:41:27+00:00,usd_mxn,17.62,17.64,0.113
2024-07-17 02:41:28+00:00,usd_mxn,17.62,17.64,0.113
2024-07-17 02:41:29+00:00,usd_mxn,17.62,17.64,0.113
2024-07-17 02:41:30+00:00,usd_mxn,17.62,17.64,0.113
2024-07-17 02:41:31+00:00,usd_mxn,17.62,17.64,0.113
2024-07-17 02:41:32+00:00,usd_mxn,17.62,17.64,0.113
2024-07-17 02:41:33+00:00,usd_mxn,17.62,17.64,0.113
2024-07-17 02:41:34+00:00,usd_mxn,17.62,17.64,0.113
2024-07-17 02:41:35+00:00,usd_mxn,17.62,17.64,0.113
2024-07-17 02:41:36+00:00,usd_mxn,17.62,17.64,0.113
2024-07-17 02:41:37+00:00,usd_mxn,17.62,17.64,0.113
2024-07-17 02:41:38+00:00,usd_mxn,17.62,17.64,0.113
2024-07-17 02:41:39+00:00,usd_mxn,17.62,17.64,0.113
2024-07-17 02:41:40+00:00,usd_mxn,17.62,17.64,0.113
2024-07-17 02:41:41+00:00,usd_mxn,17.62,17.64,0.113
2024-07-17 02:41:42+00:00,usd_mxn,17.62,17.64,0.113
2024-07-17 02:41:43+00:00,usd_mxn,17.62,17.64,0.113
2024-07-17 02:41:44+00:00,usd_mxn,17.62,17.64,0.113
2024-07-17 02:41:45+00:00,usd_mxn,17.62,17.64,0.113
2024-07-17 02:41:46+00:00,usd_mxn,17.62,17.64,0.113
2024-07-17 02:41:47+00:00,usd_mxn,17.62,17.64,0.113
2024-07-17 02:41:48+00:00,usd_mxn,17.62,17.64,0.113
2024-07-17 02:41:49+00:00,usd_mxn,17.62,17.64,0.113
2024-07-17 02:41:50+00:00,usd_mxn,17.62,17.64,0.113
2024-07-17 02:41:51+00:00,usd_mxn,17.62,17.64,0.113
2024-07-17 02:41:52+00:00,usd_mxn,17.62,17.64,0.113
2024-07-17 02:41:53+00:00,usd_mxn,17.62,17.64,0.113
2024-07-17 02:41:54+00:00,usd_mxn,17.62,17.64,0.113
2024-07-17 02:41:55+00:00,usd_mxn,17.62,17.64,0.113
2024-07-17 02:41:56+00:00,usd_mxn,17.62,17.64,0.113
2024-07-17 02:41:57+00:00,usd_mxn,17.62,17.64,0.113
2024-07-17 02:41:58+00:00,usd_mxn,17.62,17.64,0.113
2024-07-17 02:41:59+00:00,usd_mxn,17.62,17.64,0.113
2024-07-17 02:42:00+00:00,usd_mxn,17.62,17.64,0.113
2024-07-17 02:42:01+00:00,usd_mxn,17.62,17.64,0.113
2024-07-17 02:42:02+00:00,usd_mxn,17.62,17.64,0.113
2024-07-17 02:42:03+00:00,usd_mxn,17.62,17.64,0.113
2024-07-17 02:42:04+00:00,usd_mxn,17.62,17.64,0.113
2024-07-17 02:42:05+00:00,usd_mxn,17.62,17.64,0.113
2024-07-17 02:42:06+00:00,usd_mxn,17.62,17.64,0.113
2024-07-17 02:42:07+00:00,usd_mxn,17.62,17.64,0.113
2024-07-17 02:42:08+00:00,usd_mxn,17.62,17.64,0.113
2024-07-17 02:42:09+00:00,usd_mxn,17.62,17.64,0.113
2024-07-17 02:42:10+00:00,usd_mxn,17.62,17.64,0.113
2024-07-17 02:42:11+00:00,usd_mxn,17.62,17.64,0.113
2024-07-17 02:42:12+00:00,usd_mxn,17.62,17.64,0.113
2024-07-17 02:42:13+00:00,usd_mxn,17.62,17.64,0.113
2024-07-17 02:42:14+00:00,usd_mxn,17.62,17.64,0.113
2024-07-17 02:42:15+00:00,usd_mxn,17.62,17.64,0.113
2024-07-17 02:42:16+00:00,usd_mxn,17.62,17.64,0.113
2024-07-17 02:42:17+00:00,usd_mxn,17.62,17.64,0.113
2024-07-17 02:42:18+00:00,usd_mxn,17.62,17.64,0.113
2024-07-17 02:42:19+00:00,usd_mxn,17.62,17.64,0.113
2024-07-17 02:42:20+00:00,usd_mxn,17.62,17.64,0.113
2024-07-17 02:42:21+00:00,usd_mxn,17.62,17.64,0.113
2024-07-17 02:42:22+00:00,usd_mxn,17.62,17.64,0.113
2024-07-17 02:42:23+00:00,usd_mxn,17.62,17.64,0.113
2024-07-17 02:42:24+00:00,usd_mxn,17.62,17.64,0.113
2024-07-17 02:42:25+00:00,usd_mxn,17.62,17.64,0.113
2024-07-17 02:42:26+00:00,usd_mxn,17.62,17.64,0.113
2024-07-17 02:42:27+00:00,usd_mxn,17.62,17.64,0.113
2024-07-17 02:42:28+00:00,usd_mxn,17.62,17.64,0.113
2024-07-17 02:42:29+00:00,usd_mxn,17.62,17.64,0.113
2024-07-17 02:42:30+00:00,usd_mxn,17.62,17.64,0.113
2024-07-17 02:42:32+00:00,usd_mxn,17.62,17.64,0.113
2024-07-17 02:42:32+00:00,usd_mxn,17.62,17.64,0.113
2024-07-17 02:42:33+00:00,usd_mxn,17.62,17.64,0.113
2024-07-17 02:42:34+00:00,usd_mxn,17.62,17.64,0.113
2024-07-17 02:42:35+00:00,usd_mxn,17.62,17.64,0.113
2024-07-17 02:42:37+00:00,usd_mxn,17.62,17.64,0.113
2024-07-17 02:42:38+00:00,usd_mxn,17.62,17.64,0.113
2024-07-17 02:42:39+00:00,usd_mxn,17.62,17.64,0.113
2024-07-17 02:42:40+00:00,usd_mxn,17.62,17.64,0.113
2024-07-17 02:42:41+00:00,usd_mxn,17.62,17.64,0.113
2024-07-17 02:42:42+00:00,usd_mxn,17.62,17.64,0.113
2024-07-17 02:42:43+00:00,usd_mxn,17.62,17.64,0.113
2024-07-17 02:42:44+00:00,usd_mxn,17.62,17.64,0.113
2024-07-17 02:42:45+00:00,usd_mxn,17.62,17.64,0.113
2024-07-17 02:42:46+00:00,usd_mxn,17.62,17.64,0.113
2024-07-17 02:42:47+00:00,usd_mxn,17.62,17.64,0.113
2024-07-17 02:42:48+00:00,usd_mxn,17.62,17.64,0.113
2024-07-17 02:42:49+00:00,usd_mxn,17.62,17.64,0.113
2024-07-17 02:42:50+00:00,usd_mxn,17.62,17.64,0.113
2024-07-17 02:42:51+00:00,usd_mxn,17.62,17.64,0.113
2024-07-17 02:42:52+00:00,usd_mxn,17.62,17.64,0.113
2024-07-17 02:42:53+00:00,usd_mxn,17.62,17.64,0.113
2024-07-17 02:42:54+00:00,usd_mxn,17.62,17.64,0.113
2024-07-17 02:42:55+00:00,usd_mxn,17.62,17.64,0.113
2024-07-17 02:42:56+00:00,usd_mxn,17.62,17.64,0.113
2024-07-17 02:42:57+00:00,usd_mxn,17.62,17.64,0.113
2024-07-17 02:42:58+00:00,usd_mxn,17.62,17.64,0.113
2024-07-17 02:42:59+00:00,usd_mxn,17.62,17.64,0.113
2024-07-17 02:43:00+00:00,usd_mxn,17.62,17.64,0.113
2024-07-17 02:43:01+00:00,usd_mxn,17.62,17.64,0.113
2024-07-17 02:43:02+00:00,usd_mxn,17.62,17.64,0.113
2024-07-17 02:43:03+00:00,usd_mxn,17.62,17.64,0.113
2024-07-17 02:43:04+00:00,usd_mxn,17.62,17.64,0.113
2024-07-17 02:43:05+00:00,usd_mxn,17.62,17.64,0.113
2024-07-17 02:43:06+00:00,usd_mxn,17.62,17.64,0.113
2024-07-17 02:43:07+00:00,usd_mxn,17.62,17.64,0.113
2024-07-17 02:43:08+00:00,usd_mxn,17.62,17.64,0.113
2024-07-17 02:43:09+00:00,usd_mxn,17.62,17.64,0.113
2024-07-17 02:43:10+00:00,usd_mxn,17.62,17.64,0.113
2024-07-17 02:43:11+00:00,usd_mxn,17.62,17.64,0.113
2024-07-17 02:43:12+00:00,usd_mxn,17.62,17.64,0.113
2024-07-17 02:43:13+00:00,usd_mxn,17.62,17.64,0.113
2024-07-17 02:43:14+00:00,usd_mxn,17.62,17.64,0.113
2024-07-17 02:43:15+00:00,usd_mxn,17.62,17.64,0.113
2024-07-17 02:43:16+00:00,usd_mxn,17.62,17.64,0.113
2024-07-17 02:43:17+00:00,usd_mxn,17.62,17.64,0.113
2024-07-17 02:43:18+00:00,usd_mxn,17.62,17.64,0.113
2024-07-17 02:43:19+00:00,usd_mxn,17.62,17.64,0.113
2024-07-17 02:43:20+00:00,usd_mxn,17.62,17.64,0.113
2024-07-17 02:43:21+00:00,usd_mxn,17.62,17.64,0.113
2024-07-17 02:43:22+00:00,usd_mxn,17.63,17.64,0.057
2024-07-17 02:43:23+00:00,usd_mxn,17.63,17.64,0.057
2024-07-17 02:43:24+00:00,usd_mxn,17.63,17.64,0.057
2024-07-17 02:43:25+00:00,usd_mxn,17.63,17.64,0.057
2024-07-17 02:43:26+00:00,usd_mxn,17.63,17.64,0.057
2024-07-17 02:43:27+00:00,usd_mxn,17.63,17.64,0.057
2024-07-17 02:43:28+00:00,usd_mxn,17.63,17.64,0.057
2024-07-17 02:43:29+00:00,usd_mxn,17.63,17.64,0.057
2024-07-17 02:43:30+00:00,usd_mxn,17.63,17.64,0.057
2024-07-17 02:43:31+00:00,usd_mxn,17.63,17.64,0.057
2024-07-17 02:43:33+00:00,usd_mxn,17.63,17.64,0.057
2024-07-17 02:43:33+00:00,usd_mxn,17.63,17.64,0.057
2024-07-17 02:43:34+00:00,usd_mxn,17.63,17.64,0.057
2024-07-17 02:43:36+00:00,usd_mxn,17.63,17.64,0.057
2024-07-17 02:43:37+00:00,usd_mxn,17.63,17.64,0.057
2024-07-17 02:43:38+00:00,usd_mxn,17.63,17.64,0.057
2024-07-17 02:43:39+00:00,usd_mxn,17.63,17.64,0.057
2024-07-17 02:43:40+00:00,usd_mxn,17.63,17.64,0.057
2024-07-17 02:43:41+00:00,usd_mxn,17.63,17.64,0.057
2024-07-17 02:43:42+00:00,usd_mxn,17.63,17.64,0.057
2024-07-17 02:43:43+00:00,usd_mxn,17.63,17.64,0.057
2024-07-17 02:43:44+00:00,usd_mxn,17.63,17.64,0.057
2024-07-17 02:43:45+00:00,usd_mxn,17.63,17.64,0.057
2024-07-17 02:43:46+00:00,usd_mxn,17.63,17.64,0.057
2024-07-17 02:43:47+00:00,usd_mxn,17.63,17.64,0.057
2024-07-17 02:43:48+00:00,usd_mxn,17.63,17.64,0.057
2024-07-17 02:43:49+00:00,usd_mxn,17.63,17.64,0.057
2024-07-17 02:43:50+00:00,usd_mxn,17.63,17.64,0.057
2024-07-17 02:43:51+00:00,usd_mxn,17.63,17.64,0.057
2024-07-17 02:43:52+00:00,usd_mxn,17.63,17.64,0.057
2024-07-17 02:43:53+00:00,usd_mxn,17.63,17.64,0.057
2024-07-17 02:43:54+00:00,usd_mxn,17.63,17.64,0.057
2024-07-17 02:43:55+00:00,usd_mxn,17.63,17.64,0.057
2024-07-17 02:43:56+00:00,usd_mxn,17.63,17.64,0.057
2024-07-17 02:43:57+00:00,usd_mxn,17.63,17.64,0.057
2024-07-17 02:43:58+00:00,usd_mxn,17.63,17.64,0.057
2024-07-17 02:43:59+00:00,usd_mxn,17.63,17.64,0.057
2024-07-17 02:44:00+00:00,usd_mxn,17.63,17.64,0.057
2024-07-17 02:44:01+00:00,usd_mxn,17.63,17.64,0.057
2024-07-17 02:44:02+00:00,usd_mxn,17.63,17.64,0.057
2024-07-17 02:44:03+00:00,usd_mxn,17.63,17.64,0.057
2024-07-17 02:44:04+00:00,usd_mxn,17.63,17.64,0.057
2024-07-17 02:44:05+00:00,usd_mxn,17.63,17.64,0.057
2024-07-17 02:44:06+00:00,usd_mxn,17.63,17.64,0.057
2024-07-17 02:44:07+00:00,usd_mxn,17.63,17.64,0.057
2024-07-17 02:44:08+00:00,usd_mxn,17.63,17.64,0.057
2024-07-17 02:44:09+00:00,usd_mxn,17.63,17.64,0.057
2024-07-17 02:44:10+00:00,usd_mxn,17.63,17.64,0.057
2024-07-17 02:44:11+00:00,usd_mxn,17.63,17.64,0.057
2024-07-17 02:44:12+00:00,usd_mxn,17.63,17.64,0.057
2024-07-17 02:44:13+00:00,usd_mxn,17.63,17.64,0.057
2024-07-17 02:44:14+00:00,usd_mxn,17.63,17.64,0.057
2024-07-17 02:44:15+00:00,usd_mxn,17.63,17.64,0.057
2024-07-17 02:44:16+00:00,usd_mxn,17.63,17.64,0.057
2024-07-17 02:44:17+00:00,usd_mxn,17.63,17.64,0.057
2024-07-17 02:44:18+00:00,usd_mxn,17.63,17.64,0.057
2024-07-17 02:44:19+00:00,usd_mxn,17.63,17.64,0.057
2024-07-17 02:44:20+00:00,usd_mxn,17.63,17.64,0.057
2024-07-17 02:44:21+00:00,usd_mxn,17.63,17.64,0.057
2024-07-17 02:44:22+00:00,usd_mxn,17.63,17.64,0.057
2024-07-17 02:44:23+00:00,usd_mxn,17.63,17.64,0.057
2024-07-17 02:44:24+00:00,usd_mxn,17.63,17.64,0.057
2024-07-17 02:44:25+00:00,usd_mxn,17.63,17.64,0.057
2024-07-17 02:44:26+00:00,usd_mxn,17.63,17.64,0.057
2024-07-17 02:44:27+00:00,usd_mxn,17.63,17.64,0.057
2024-07-17 02:44:29+00:00,usd_mxn,17.63,17.64,0.057
2024-07-17 02:44:29+00:00,usd_mxn,17.63,17.64,0.057
2024-07-17 02:44:30+00:00,usd_mxn,17.63,17.64,0.057
2024-07-17 02:44:31+00:00,usd_mxn,17.63,17.64,0.057
2024-07-17 02:44:32+00:00,usd_mxn,17.63,17.64,0.057
2024-07-17 02:44:33+00:00,usd_mxn,17.63,17.64,0.057
2024-07-17 02:44:35+00:00,usd_mxn,17.63,17.64,0.057
2024-07-17 02:44:35+00:00,usd_mxn,17.63,17.64,0.057
2024-07-17 02:44:36+00:00,usd_mxn,17.63,17.64,0.057
2024-07-17 02:44:37+00:00,usd_mxn,17.63,17.64,0.057
2024-07-17 02:44:38+00:00,usd_mxn,17.63,17.64,0.057
2024-07-17 02:44:39+00:00,usd_mxn,17.63,17.64,0.057
2024-07-17 02:44:40+00:00,usd_mxn,17.63,17.64,0.057
2024-07-17 02:44:41+00:00,usd_mxn,17.63,17.64,0.057
2024-07-17 02:44:42+00:00,usd_mxn,17.63,17.64,0.057
2024-07-17 02:44:43+00:00,usd_mxn,17.63,17.64,0.057
2024-07-17 02:44:44+00:00,usd_mxn,17.63,17.64,0.057
2024-07-17 02:44:45+00:00,usd_mxn,17.63,17.64,0.057
2024-07-17 02:44:46+00:00,usd_mxn,17.63,17.64,0.057
2024-07-17 02:44:48+00:00,usd_mxn,17.63,17.64,0.057
2024-07-17 02:44:49+00:00,usd_mxn,17.63,17.64,0.057
2024-07-17 02:44:50+00:00,usd_mxn,17.63,17.64,0.057
2024-07-17 02:44:51+00:00,usd_mxn,17.63,17.64,0.057
2024-07-17 02:44:52+00:00,usd_mxn,17.63,17.64,0.057
2024-07-17 02:44:53+00:00,usd_mxn,17.63,17.64,0.057
2024-07-17 02:44:54+00:00,usd_mxn,17.63,17.64,0.057
2024-07-17 02:44:55+00:00,usd_mxn,17.63,17.64,0.057
2024-07-17 02:44:56+00:00,usd_mxn,17.63,17.64,0.057
2024-07-17 02:44:57+00:00,usd_mxn,17.63,17.64,0.057
2024-07-17 02:44:58+00:00,usd_mxn,17.63,17.64,0.057
2024-07-17 02:44:59+00:00,usd_mxn,17.63,17.64,0.057
2024-07-17 02:45:00+00:00,usd_mxn,17.63,17.64,0.057
2024-07-17 02:45:01+00:00,usd_mxn,17.63,17.64,0.057
2024-07-17 02:45:02+00:00,usd_mxn,17.63,17.64,0.057
2024-07-17 02:45:03+00:00,usd_mxn,17.63,17.64,0.057
2024-07-17 02:45:04+00:00,usd_mxn,17.63,17.64,0.057
2024-07-17 02:45:05+00:00,usd_mxn,17.63,17.64,0.057
2024-07-17 02:45:06+00:00,usd_mxn,17.63,17.64,0.057
2024-07-17 02:45:07+00:00,usd_mxn,17.63,17.64,0.057
2024-07-17 02:45:08+00:00,usd_mxn,17.63,17.64,0.057
2024-07-17 02:45:09+00:00,usd_mxn,17.63,17.64,0.057
2024-07-17 02:45:10+00:00,usd_mxn,17.63,17.64,0.057
2024-07-17 02:45:11+00:00,usd_mxn,17.63,17.64,0.057
2024-07-17 02:45:12+00:00,usd_mxn,17.63,17.64,0.057
2024-07-17 02:45:13+00:00,usd_mxn,17.63,17.64,0.057
2024-07-17 02:45:14+00:00,usd_mxn,17.63,17.64,0.057
2024-07-17 02:45:15+00:00,usd_mxn,17.63,17.64,0.057
2024-07-17 02:45:16+00:00,usd_mxn,17.63,17.64,0.057
2024-07-17 02:45:17+00:00,usd_mxn,17.63,17.64,0.057
2024-07-17 02:45:18+00:00,usd_mxn,17.63,17.64,0.057
2024-07-17 02:45:19+00:00,usd_mxn,17.63,17.64,0.057
2024-07-17 02:45:20+00:00,usd_mxn,17.63,17.64,0.057
2024-07-17 02:45:21+00:00,usd_mxn,17.62,17.64,0.113
2024-07-17 02:45:22+00:00,usd_mxn,17.62,17.64,0.113
2024-07-17 02:45:23+00:00,usd_mxn,17.62,17.64,0.113
2024-07-17 02:45:24+00:00,usd_mxn,17.62,17.64,0.113
2024-07-17 02:45:25+00:00,usd_mxn,17.62,17.64,0.113
2024-07-17 02:45:26+00:00,usd_mxn,17.62,17.64,0.113
2024-07-17 02:45:27+00:00,usd_mxn,17.62,17.64,0.113
2024-07-17 02:45:29+00:00,usd_mxn,17.62,17.64,0.113
2024-07-17 02:45:29+00:00,usd_mxn,17.62,17.64,0.113
2024-07-17 02:45:30+00:00,usd_mxn,17.62,17.64,0.113
2024-07-17 02:45:31+00:00,usd_mxn,17.62,17.64,0.113
2024-07-17 02:45:32+00:00,usd_mxn,17.62,17.64,0.113
2024-07-17 02:45:33+00:00,usd_mxn,17.62,17.64,0.113
2024-07-17 02:45:34+00:00,usd_mxn,17.62,17.64,0.113
2024-07-17 02:45:35+00:00,usd_mxn,17.62,17.64,0.113
2024-07-17 02:45:36+00:00,usd_mxn,17.62,17.64,0.113
2024-07-17 02:45:37+00:00,usd_mxn,17.62,17.64,0.113
2024-07-17 02:45:38+00:00,usd_mxn,17.62,17.64,0.113
2024-07-17 02:45:39+00:00,usd_mxn,17.62,17.64,0.113
2024-07-17 02:45:40+00:00,usd_mxn,17.62,17.64,0.113
2024-07-17 02:45:42+00:00,usd_mxn,17.62,17.64,0.113
2024-07-17 02:45:42+00:00,usd_mxn,17.62,17.64,0.113
2024-07-17 02:45:43+00:00,usd_mxn,17.62,17.64,0.113
2024-07-17 02:45:44+00:00,usd_mxn,17.62,17.64,0.113
2024-07-17 02:45:45+00:00,usd_mxn,17.62,17.64,0.113
2024-07-17 02:45:46+00:00,usd_mxn,17.62,17.64,0.113
2024-07-17 02:45:47+00:00,usd_mxn,17.62,17.64,0.113
2024-07-17 02:45:48+00:00,usd_mxn,17.62,17.64,0.113
2024-07-17 02:45:49+00:00,usd_mxn,17.62,17.64,0.113
2024-07-17 02:45:50+00:00,usd_mxn,17.62,17.64,0.113
2024-07-17 02:45:52+00:00,usd_mxn,17.62,17.64,0.113
2024-07-17 02:45:53+00:00,usd_mxn,17.62,17.64,0.113
2024-07-17 02:45:54+00:00,usd_mxn,17.62,17.64,0.113
2024-07-17 02:45:55+00:00,usd_mxn,17.62,17.64,0.113
2024-07-17 02:45:56+00:00,usd_mxn,17.62,17.64,0.113
2024-07-17 02:45:57+00:00,usd_mxn,17.62,17.64,0.113
2024-07-17 02:45:58+00:00,usd_mxn,17.62,17.64,0.113
2024-07-17 02:45:59+00:00,usd_mxn,17.62,17.64,0.113
2024-07-17 02:46:00+00:00,usd_mxn,17.62,17.64,0.113
2024-07-17 02:46:01+00:00,usd_mxn,17.62,17.64,0.113
2024-07-17 02:46:02+00:00,usd_mxn,17.62,17.64,0.113
2024-07-17 02:46:03+00:00,usd_mxn,17.62,17.64,0.113
2024-07-17 02:46:04+00:00,usd_mxn,17.62,17.64,0.113
2024-07-17 02:46:05+00:00,usd_mxn,17.62,17.64,0.113
2024-07-17 02:46:06+00:00,usd_mxn,17.62,17.64,0.113
2024-07-17 02:46:07+00:00,usd_mxn,17.62,17.64,0.113
2024-07-17 02:46:08+00:00,usd_mxn,17.62,17.64,0.113
2024-07-17 02:46:09+00:00,usd_mxn,17.62,17.64,0.113
2024-07-17 02:46:10+00:00,usd_mxn,17.62,17.64,0.113
2024-07-17 02:46:11+00:00,usd_mxn,17.62,17.64,0.113
2024-07-17 02:46:12+00:00,usd_mxn,17.62,17.64,0.113
2024-07-17 02:46:13+00:00,usd_mxn,17.62,17.64,0.113
2024-07-17 02:46:14+00:00,usd_mxn,17.62,17.64,0.113
2024-07-17 02:46:15+00:00,usd_mxn,17.62,17.64,0.113
2024-07-17 02:46:16+00:00,usd_mxn,17.62,17.64,0.113
2024-07-17 02:46:17+00:00,usd_mxn,17.62,17.64,0.113
2024-07-17 02:46:18+00:00,usd_mxn,17.62,17.64,0.113
2024-07-17 02:46:19+00:00,usd_mxn,17.62,17.64,0.113
2024-07-17 02:46:20+00:00,usd_mxn,17.62,17.64,0.113
2024-07-17 02:46:21+00:00,usd_mxn,17.62,17.64,0.113
2024-07-17 02:46:22+00:00,usd_mxn,17.62,17.64,0.113
2024-07-17 02:46:23+00:00,usd_mxn,17.62,17.64,0.113
2024-07-17 02:46:24+00:00,usd_mxn,17.62,17.64,0.113
2024-07-17 02:46:25+00:00,usd_mxn,17.62,17.64,0.113
2024-07-17 02:46:26+00:00,usd_mxn,17.62,17.64,0.113
2024-07-17 02:46:27+00:00,usd_mxn,17.62,17.64,0.113
2024-07-17 02:46:28+00:00,usd_mxn,17.62,17.65,0.17
2024-07-17 02:46:29+00:00,usd_mxn,17.62,17.65,0.17
2024-07-17 02:46:30+00:00,usd_mxn,17.62,17.65,0.17
2024-07-17 02:46:31+00:00,usd_mxn,17.62,17.65,0.17
2024-07-17 02:46:32+00:00,usd_mxn,17.62,17.65,0.17
2024-07-17 02:46:33+00:00,usd_mxn,17.62,17.65,0.17
2024-07-17 02:46:34+00:00,usd_mxn,17.62,17.64,0.113
2024-07-17 02:46:36+00:00,usd_mxn,17.62,17.64,0.113
2024-07-17 02:46:36+00:00,usd_mxn,17.62,17.64,0.113
2024-07-17 02:46:37+00:00,usd_mxn,17.62,17.64,0.113
2024-07-17 02:46:38+00:00,usd_mxn,17.62,17.64,0.113
2024-07-17 02:46:39+00:00,usd_mxn,17.62,17.64,0.113
2024-07-17 02:46:40+00:00,usd_mxn,17.62,17.64,0.113
2024-07-17 02:46:41+00:00,usd_mxn,17.62,17.64,0.113
2024-07-17 02:46:42+00:00,usd_mxn,17.62,17.64,0.113
2024-07-17 02:46:43+00:00,usd_mxn,17.62,17.64,0.113
2024-07-17 02:46:45+00:00,usd_mxn,17.62,17.64,0.113
2024-07-17 02:46:45+00:00,usd_mxn,17.62,17.64,0.113
2024-07-17 02:46:46+00:00,usd_mxn,17.62,17.64,0.113
2024-07-17 02:46:47+00:00,usd_mxn,17.62,17.64,0.113
2024-07-17 02:46:48+00:00,usd_mxn,17.62,17.64,0.113
2024-07-17 02:46:49+00:00,usd_mxn,17.62,17.64,0.113
2024-07-17 02:46:50+00:00,usd_mxn,17.62,17.64,0.113
2024-07-17 02:46:51+00:00,usd_mxn,17.62,17.64,0.113
2024-07-17 02:46:52+00:00,usd_mxn,17.62,17.64,0.113
2024-07-17 02:46:53+00:00,usd_mxn,17.62,17.64,0.113
2024-07-17 02:46:54+00:00,usd_mxn,17.62,17.64,0.113
2024-07-17 02:46:56+00:00,usd_mxn,17.62,17.64,0.113
2024-07-17 02:46:56+00:00,usd_mxn,17.62,17.64,0.113
2024-07-17 02:46:58+00:00,usd_mxn,17.62,17.64,0.113
2024-07-17 02:46:59+00:00,usd_mxn,17.62,17.64,0.113
2024-07-17 02:47:00+00:00,usd_mxn,17.62,17.64,0.113
2024-07-17 02:47:01+00:00,usd_mxn,17.62,17.64,0.113
2024-07-17 02:47:02+00:00,usd_mxn,17.62,17.64,0.113
2024-07-17 02:47:03+00:00,usd_mxn,17.62,17.64,0.113
2024-07-17 02:47:04+00:00,usd_mxn,17.62,17.64,0.113
2024-07-17 02:47:05+00:00,usd_mxn,17.62,17.64,0.113
2024-07-17 02:47:06+00:00,usd_mxn,17.62,17.64,0.113
2024-07-17 02:47:07+00:00,usd_mxn,17.62,17.64,0.113
2024-07-17 02:47:08+00:00,usd_mxn,17.62,17.64,0.113
2024-07-17 02:47:09+00:00,usd_mxn,17.62,17.64,0.113
2024-07-17 02:47:10+00:00,usd_mxn,17.62,17.64,0.113
2024-07-17 02:47:11+00:00,usd_mxn,17.62,17.64,0.113
2024-07-17 02:47:12+00:00,usd_mxn,17.62,17.64,0.113
2024-07-17 02:47:13+00:00,usd_mxn,17.62,17.64,0.113
2024-07-17 02:47:14+00:00,usd_mxn,17.62,17.64,0.113
2024-07-17 02:47:15+00:00,usd_mxn,17.62,17.64,0.113
2024-07-17 02:47:16+00:00,usd_mxn,17.62,17.64,0.113
2024-07-17 02:47:17+00:00,usd_mxn,17.62,17.64,0.113
2024-07-17 02:47:18+00:00,usd_mxn,17.62,17.64,0.113
2024-07-17 02:47:19+00:00,usd_mxn,17.62,17.64,0.113
2024-07-17 02:47:20+00:00,usd_mxn,17.62,17.64,0.113
2024-07-17 02:47:21+00:00,usd_mxn,17.62,17.64,0.113
2024-07-17 02:47:22+00:00,usd_mxn,17.62,17.64,0.113
2024-07-17 02:47:23+00:00,usd_mxn,17.62,17.64,0.113
2024-07-17 02:47:24+00:00,usd_mxn,17.62,17.64,0.113
2024-07-17 02:47:25+00:00,usd_mxn,17.62,17.64,0.113
2024-07-17 02:47:26+00:00,usd_mxn,17.62,17.64,0.113
2024-07-17 02:47:27+00:00,usd_mxn,17.62,17.64,0.113
2024-07-17 02:47:28+00:00,usd_mxn,17.62,17.64,0.113
2024-07-17 02:47:29+00:00,usd_mxn,17.62,17.64,0.113
2024-07-17 02:47:30+00:00,usd_mxn,17.62,17.64,0.113
2024-07-17 02:47:31+00:00,usd_mxn,17.62,17.64,0.113
2024-07-17 02:47:32+00:00,usd_mxn,17.62,17.64,0.113
2024-07-17 02:47:33+00:00,usd_mxn,17.62,17.64,0.113
2024-07-17 02:47:34+00:00,usd_mxn,17.62,17.64,0.113
2024-07-17 02:47:35+00:00,usd_mxn,17.62,17.64,0.113
2024-07-17 02:47:36+00:00,usd_mxn,17.62,17.64,0.113
2024-07-17 02:47:37+00:00,usd_mxn,17.62,17.64,0.113
2024-07-17 02:47:38+00:00,usd_mxn,17.62,17.64,0.113
2024-07-17 02:47:39+00:00,usd_mxn,17.62,17.64,0.113
2024-07-17 02:47:40+00:00,usd_mxn,17.62,17.64,0.113
2024-07-17 02:47:41+00:00,usd_mxn,17.62,17.64,0.113
2024-07-17 02:47:42+00:00,usd_mxn,17.62,17.64,0.113
2024-07-17 02:47:43+00:00,usd_mxn,17.62,17.64,0.113
2024-07-17 02:47:45+00:00,usd_mxn,17.62,17.64,0.113
2024-07-17 02:47:45+00:00,usd_mxn,17.62,17.64,0.113
2024-07-17 02:47:46+00:00,usd_mxn,17.62,17.64,0.113
2024-07-17 02:47:47+00:00,usd_mxn,17.62,17.64,0.113
2024-07-17 02:47:48+00:00,usd_mxn,17.62,17.64,0.113
2024-07-17 02:47:49+00:00,usd_mxn,17.62,17.64,0.113
2024-07-17 02:47:50+00:00,usd_mxn,17.62,17.64,0.113
2024-07-17 02:47:51+00:00,usd_mxn,17.62,17.64,0.113
2024-07-17 02:47:52+00:00,usd_mxn,17.62,17.64,0.113
2024-07-17 02:47:53+00:00,usd_mxn,17.62,17.64,0.113
2024-07-17 02:47:54+00:00,usd_mxn,17.62,17.64,0.113
2024-07-17 02:47:55+00:00,usd_mxn,17.62,17.64,0.113
2024-07-17 02:47:56+00:00,usd_mxn,17.62,17.64,0.113
2024-07-17 02:47:57+00:00,usd_mxn,17.62,17.64,0.113
2024-07-17 02:47:58+00:00,usd_mxn,17.62,17.64,0.113
2024-07-17 02:47:59+00:00,usd_mxn,17.62,17.64,0.113
2024-07-17 02:48:00+00:00,usd_mxn,17.62,17.64,0.113
2024-07-17 02:48:01+00:00,usd_mxn,17.62,17.64,0.113
2024-07-17 02:48:02+00:00,usd_mxn,17.62,17.64,0.113
2024-07-17 02:48:03+00:00,usd_mxn,17.62,17.64,0.113
2024-07-17 02:48:04+00:00,usd_mxn,17.62,17.64,0.113
2024-07-17 02:48:05+00:00,usd_mxn,17.62,17.64,0.113
2024-07-17 02:48:06+00:00,usd_mxn,17.62,17.64,0.113
2024-07-17 02:48:07+00:00,usd_mxn,17.62,17.64,0.113
2024-07-17 02:48:08+00:00,usd_mxn,17.62,17.64,0.113
2024-07-17 02:48:09+00:00,usd_mxn,17.62,17.64,0.113
2024-07-17 02:48:10+00:00,usd_mxn,17.62,17.64,0.113
2024-07-17 02:48:11+00:00,usd_mxn,17.62,17.64,0.113
2024-07-17 02:48:13+00:00,usd_mxn,17.62,17.64,0.113
2024-07-17 02:48:14+00:00,usd_mxn,17.62,17.64,0.113
2024-07-17 02:48:15+00:00,usd_mxn,17.62,17.64,0.113
2024-07-17 02:48:16+00:00,usd_mxn,17.62,17.64,0.113
2024-07-17 02:48:17+00:00,usd_mxn,17.62,17.64,0.113
2024-07-17 02:48:18+00:00,usd_mxn,17.62,17.64,0.113
2024-07-17 02:48:19+00:00,usd_mxn,17.62,17.64,0.113
2024-07-17 02:48:20+00:00,usd_mxn,17.62,17.64,0.113
2024-07-17 02:48:21+00:00,usd_mxn,17.62,17.64,0.113
2024-07-17 02:48:22+00:00,usd_mxn,17.62,17.64,0.113
2024-07-17 02:48:23+00:00,usd_mxn,17.62,17.64,0.113
2024-07-17 02:48:24+00:00,usd_mxn,17.62,17.64,0.113
2024-07-17 02:48:25+00:00,usd_mxn,17.62,17.64,0.113
2024-07-17 02:48:26+00:00,usd_mxn,17.62,17.64,0.113
2024-07-17 02:48:27+00:00,usd_mxn,17.62,17.64,0.113
2024-07-17 02:48:28+00:00,usd_mxn,17.62,17.64,0.113
2024-07-17 02:48:29+00:00,usd_mxn,17.62,17.64,0.113
2024-07-17 02:48:30+00:00,usd_mxn,17.62,17.64,0.113
2024-07-17 02:48:31+00:00,usd_mxn,17.62,17.64,0.113
2024-07-17 02:48:32+00:00,usd_mxn,17.62,17.64,0.113
2024-07-17 02:48:33+00:00,usd_mxn,17.62,17.64,0.113
2024-07-17 02:48:34+00:00,usd_mxn,17.62,17.64,0.113
2024-07-17 02:48:35+00:00,usd_mxn,17.62,17.64,0.113
2024-07-17 02:48:36+00:00,usd_mxn,17.62,17.64,0.113
2024-07-17 02:48:37+00:00,usd_mxn,17.62,17.64,0.113
2024-07-17 02:48:38+00:00,usd_mxn,17.62,17.64,0.113
2024-07-17 02:48:39+00:00,usd_mxn,17.62,17.64,0.113
2024-07-17 02:48:40+00:00,usd_mxn,17.62,17.64,0.113
2024-07-17 02:48:41+00:00,usd_mxn,17.62,17.64,0.113
2024-07-17 02:48:42+00:00,usd_mxn,17.62,17.64,0.113
2024-07-17 02:48:43+00:00,usd_mxn,17.62,17.64,0.113
2024-07-17 02:48:44+00:00,usd_mxn,17.62,17.64,0.113
2024-07-17 02:48:45+00:00,usd_mxn,17.62,17.64,0.113
2024-07-17 02:48:46+00:00,usd_mxn,17.62,17.64,0.113
2024-07-17 02:48:47+00:00,usd_mxn,17.62,17.64,0.113
2024-07-17 02:48:48+00:00,usd_mxn,17.62,17.64,0.113
2024-07-17 02:48:49+00:00,usd_mxn,17.62,17.64,0.113
2024-07-17 02:48:50+00:00,usd_mxn,17.62,17.64,0.113
2024-07-17 02:48:51+00:00,usd_mxn,17.62,17.64,0.113
2024-07-17 02:48:52+00:00,usd_mxn,17.62,17.64,0.113
2024-07-17 02:48:53+00:00,usd_mxn,17.62,17.64,0.113
2024-07-17 02:48:54+00:00,usd_mxn,17.62,17.64,0.113
2024-07-17 02:48:55+00:00,usd_mxn,17.62,17.64,0.113
2024-07-17 02:48:56+00:00,usd_mxn,17.62,17.64,0.113
2024-07-17 02:48:57+00:00,usd_mxn,17.62,17.64,0.113
2024-07-17 02:48:58+00:00,usd_mxn,17.62,17.64,0.113
2024-07-17 02:48:59+00:00,usd_mxn,17.62,17.64,0.113
2024-07-17 02:49:00+00:00,usd_mxn,17.62,17.64,0.113
2024-07-17 02:49:01+00:00,usd_mxn,17.62,17.64,0.113
2024-07-17 02:49:02+00:00,usd_mxn,17.62,17.64,0.113
2024-07-17 02:49:03+00:00,usd_mxn,17.62,17.64,0.113
2024-07-17 02:49:04+00:00,usd_mxn,17.62,17.64,0.113
2024-07-17 02:49:05+00:00,usd_mxn,17.62,17.64,0.113
2024-07-17 02:49:06+00:00,usd_mxn,17.62,17.64,0.113
2024-07-17 02:49:07+00:00,usd_mxn,17.62,17.64,0.113
2024-07-17 02:49:08+00:00,usd_mxn,17.62,17.64,0.113
2024-07-17 02:49:09+00:00,usd_mxn,17.62,17.64,0.113
2024-07-17 02:49:10+00:00,usd_mxn,17.62,17.64,0.113
2024-07-17 02:49:11+00:00,usd_mxn,17.62,17.64,0.113
2024-07-17 02:49:13+00:00,usd_mxn,17.62,17.64,0.113
2024-07-17 02:49:14+00:00,usd_mxn,17.62,17.64,0.113
2024-07-17 02:49:15+00:00,usd_mxn,17.62,17.64,0.113
2024-07-17 02:49:16+00:00,usd_mxn,17.62,17.64,0.113
2024-07-17 02:49:17+00:00,usd_mxn,17.62,17.64,0.113
2024-07-17 02:49:18+00:00,usd_mxn,17.62,17.64,0.113
2024-07-17 02:49:19+00:00,usd_mxn,17.62,17.64,0.113
2024-07-17 02:49:20+00:00,usd_mxn,17.62,17.64,0.113
2024-07-17 02:49:21+00:00,usd_mxn,17.62,17.64,0.113
2024-07-17 02:49:22+00:00,usd_mxn,17.62,17.63,0.057
2024-07-17 02:49:23+00:00,usd_mxn,17.62,17.63,0.057
2024-07-17 02:49:24+00:00,usd_mxn,17.62,17.63,0.057
2024-07-17 02:49:25+00:00,usd_mxn,17.62,17.63,0.057
2024-07-17 02:49:26+00:00,usd_mxn,17.62,17.63,0.057
2024-07-17 02:49:27+00:00,usd_mxn,17.62,17.63,0.057
2024-07-17 02:49:28+00:00,usd_mxn,17.62,17.63,0.057
2024-07-17 02:49:29+00:00,usd_mxn,17.62,17.63,0.057
2024-07-17 02:49:30+00:00,usd_mxn,17.62,17.63,0.057
2024-07-17 02:49:31+00:00,usd_mxn,17.62,17.63,0.057
2024-07-17 02:49:32+00:00,usd_mxn,17.62,17.63,0.057
2024-07-17 02:49:33+00:00,usd_mxn,17.62,17.63,0.057
2024-07-17 02:49:34+00:00,usd_mxn,17.62,17.63,0.057
2024-07-17 02:49:35+00:00,usd_mxn,17.62,17.63,0.057
2024-07-17 02:49:36+00:00,usd_mxn,17.62,17.63,0.057
2024-07-17 02:49:37+00:00,usd_mxn,17.62,17.63,0.057
2024-07-17 02:49:38+00:00,usd_mxn,17.62,17.63,0.057
2024-07-17 02:49:39+00:00,usd_mxn,17.62,17.63,0.057
2024-07-17 02:49:40+00:00,usd_mxn,17.62,17.63,0.057
2024-07-17 02:49:41+00:00,usd_mxn,17.62,17.63,0.057
2024-07-17 02:49:42+00:00,usd_mxn,17.62,17.63,0.057
2024-07-17 02:49:43+00:00,usd_mxn,17.62,17.63,0.057
2024-07-17 02:49:44+00:00,usd_mxn,17.62,17.63,0.057
2024-07-17 02:49:45+00:00,usd_mxn,17.62,17.63,0.057
2024-07-17 02:49:46+00:00,usd_mxn,17.62,17.63,0.057
2024-07-17 02:49:47+00:00,usd_mxn,17.62,17.63,0.057
2024-07-17 02:49:48+00:00,usd_mxn,17.62,17.63,0.057
2024-07-17 02:49:49+00:00,usd_mxn,17.62,17.63,0.057
2024-07-17 02:49:50+00:00,usd_mxn,17.62,17.63,0.057
2024-07-17 02:49:51+00:00,usd_mxn,17.62,17.63,0.057
2024-07-17 02:49:52+00:00,usd_mxn,17.62,17.63,0.057
2024-07-17 02:49:53+00:00,usd_mxn,17.62,17.63,0.057
2024-07-17 02:49:54+00:00,usd_mxn,17.62,17.63,0.057
2024-07-17 02:49:55+00:00,usd_mxn,17.62,17.63,0.057
2024-07-17 02:49:56+00:00,usd_mxn,17.62,17.63,0.057
2024-07-17 02:49:57+00:00,usd_mxn,17.62,17.63,0.057
2024-07-17 02:49:58+00:00,usd_mxn,17.62,17.63,0.057
2024-07-17 02:49:59+00:00,usd_mxn,17.62,17.63,0.057
2024-07-17 02:50:00+00:00,usd_mxn,17.62,17.63,0.057
2024-07-17 02:50:01+00:00,usd_mxn,17.62,17.63,0.057
2024-07-17 02:50:02+00:00,usd_mxn,17.62,17.63,0.057
2024-07-17 02:50:03+00:00,usd_mxn,17.62,17.63,0.057
2024-07-17 02:50:04+00:00,usd_mxn,17.62,17.63,0.057
2024-07-17 02:50:05+00:00,usd_mxn,17.62,17.63,0.057
2024-07-17 02:50:06+00:00,usd_mxn,17.62,17.63,0.057
2024-07-17 02:50:07+00:00,usd_mxn,17.62,17.63,0.057
2024-07-17 02:50:08+00:00,usd_mxn,17.62,17.63,0.057
2024-07-17 02:50:09+00:00,usd_mxn,17.62,17.63,0.057
2024-07-17 02:50:10+00:00,usd_mxn,17.62,17.63,0.057
2024-07-17 02:50:11+00:00,usd_mxn,17.62,17.63,0.057
2024-07-17 02:50:12+00:00,usd_mxn,17.62,17.63,0.057
2024-07-17 02:50:13+00:00,usd_mxn,17.62,17.63,0.057
2024-07-17 02:50:15+00:00,usd_mxn,17.62,17.63,0.057
2024-07-17 02:50:16+00:00,usd_mxn,17.62,17.63,0.057
2024-07-17 02:50:17+00:00,usd_mxn,17.62,17.63,0.057
2024-07-17 02:50:18+00:00,usd_mxn,17.62,17.63,0.057
2024-07-17 02:50:19+00:00,usd_mxn,17.62,17.63,0.057
2024-07-17 02:50:20+00:00,usd_mxn,17.62,17.63,0.057
2024-07-17 02:50:21+00:00,usd_mxn,17.62,17.63,0.057
2024-07-17 02:50:22+00:00,usd_mxn,17.62,17.63,0.057
2024-07-17 02:50:23+00:00,usd_mxn,17.62,17.63,0.057
2024-07-17 02:50:24+00:00,usd_mxn,17.62,17.63,0.057
2024-07-17 02:50:25+00:00,usd_mxn,17.62,17.63,0.057
2024-07-17 02:50:26+00:00,usd_mxn,17.62,17.63,0.057
2024-07-17 02:50:27+00:00,usd_mxn,17.62,17.63,0.057
2024-07-17 02:50:28+00:00,usd_mxn,17.62,17.63,0.057
2024-07-17 02:50:29+00:00,usd_mxn,17.62,17.63,0.057
2024-07-17 02:50:30+00:00,usd_mxn,17.62,17.63,0.057
2024-07-17 02:50:31+00:00,usd_mxn,17.62,17.63,0.057
2024-07-17 02:50:32+00:00,usd_mxn,17.62,17.63,0.057
2024-07-17 02:50:33+00:00,usd_mxn,17.62,17.63,0.057
2024-07-17 02:50:34+00:00,usd_mxn,17.62,17.63,0.057
2024-07-17 02:50:35+00:00,usd_mxn,17.62,17.63,0.057
2024-07-17 02:50:36+00:00,usd_mxn,17.62,17.63,0.057
2024-07-17 02:50:37+00:00,usd_mxn,17.62,17.63,0.057
2024-07-17 02:50:38+00:00,usd_mxn,17.62,17.63,0.057
2024-07-17 02:50:39+00:00,usd_mxn,17.62,17.63,0.057
2024-07-17 02:50:40+00:00,usd_mxn,17.62,17.63,0.057
2024-07-17 02:50:41+00:00,usd_mxn,17.62,17.63,0.057
2024-07-17 02:50:42+00:00,usd_mxn,17.62,17.63,0.057
2024-07-17 02:50:43+00:00,usd_mxn,17.62,17.63,0.057
2024-07-17 02:50:44+00:00,usd_mxn,17.62,17.63,0.057
2024-07-17 02:50:45+00:00,usd_mxn,17.62,17.63,0.057
2024-07-17 02:50:46+00:00,usd_mxn,17.62,17.63,0.057
2024-07-17 02:50:47+00:00,usd_mxn,17.62,17.63,0.057
2024-07-17 02:50:48+00:00,usd_mxn,17.62,17.63,0.057
2024-07-17 02:50:49+00:00,usd_mxn,17.62,17.63,0.057
2024-07-17 02:50:50+00:00,usd_mxn,17.62,17.63,0.057
2024-07-17 02:50:51+00:00,usd_mxn,17.62,17.63,0.057
2024-07-17 02:50:52+00:00,usd_mxn,17.62,17.63,0.057
2024-07-17 02:50:53+00:00,usd_mxn,17.62,17.63,0.057
