orderbook_timestamp,book,bid,ask,spread
2024-07-18 17:03:27+00:00,usd_mxn,17.89,17.9,0.056
2024-07-18 17:03:28+00:00,usd_mxn,17.89,17.9,0.056
2024-07-18 17:03:29+00:00,usd_mxn,17.89,17.9,0.056
2024-07-18 17:03:30+00:00,usd_mxn,17.89,17.9,0.056
2024-07-18 17:03:31+00:00,usd_mxn,17.89,17.9,0.056
2024-07-18 17:03:32+00:00,usd_mxn,17.89,17.9,0.056
2024-07-18 17:03:33+00:00,usd_mxn,17.89,17.9,0.056
2024-07-18 17:03:34+00:00,usd_mxn,17.89,17.9,0.056
2024-07-18 17:03:35+00:00,usd_mxn,17.89,17.9,0.056
2024-07-18 17:03:36+00:00,usd_mxn,17.89,17.9,0.056
2024-07-18 17:03:37+00:00,usd_mxn,17.89,17.9,0.056
2024-07-18 17:03:38+00:00,usd_mxn,17.89,17.9,0.056
2024-07-18 17:03:39+00:00,usd_mxn,17.89,17.9,0.056
2024-07-18 17:03:40+00:00,usd_mxn,17.89,17.9,0.056
2024-07-18 17:03:41+00:00,usd_mxn,17.89,17.9,0.056
2024-07-18 17:03:42+00:00,usd_mxn,17.89,17.9,0.056
2024-07-18 17:03:43+00:00,usd_mxn,17.89,17.9,0.056
2024-07-18 17:03:44+00:00,usd_mxn,17.89,17.9,0.056
2024-07-18 17:03:45+00:00,usd_mxn,17.89,17.9,0.056
2024-07-18 17:03:46+00:00,usd_mxn,17.89,17.9,0.056
2024-07-18 17:03:47+00:00,usd_mxn,17.89,17.9,0.056
2024-07-18 17:03:48+00:00,usd_mxn,17.89,17.9,0.056
2024-07-18 17:03:49+00:00,usd_mxn,17.89,17.9,0.056
2024-07-18 17:03:50+00:00,usd_mxn,17.89,17.9,0.056
2024-07-18 17:03:51+00:00,usd_mxn,17.89,17.9,0.056
2024-07-18 17:03:52+00:00,usd_mxn,17.89,17.9,0.056
2024-07-18 17:03:53+00:00,usd_mxn,17.89,17.9,0.056
2024-07-18 17:03:54+00:00,usd_mxn,17.89,17.9,0.056
2024-07-18 17:03:56+00:00,usd_mxn,17.89,17.9,0.056
2024-07-18 17:03:56+00:00,usd_mxn,17.89,17.9,0.056
2024-07-18 17:03:58+00:00,usd_mxn,17.89,17.9,0.056
2024-07-18 17:03:59+00:00,usd_mxn,17.89,17.9,0.056
2024-07-18 17:04:00+00:00,usd_mxn,17.89,17.9,0.056
2024-07-18 17:04:01+00:00,usd_mxn,17.89,17.9,0.056
2024-07-18 17:04:02+00:00,usd_mxn,17.89,17.9,0.056
2024-07-18 17:04:03+00:00,usd_mxn,17.89,17.9,0.056
2024-07-18 17:04:04+00:00,usd_mxn,17.89,17.9,0.056
2024-07-18 17:04:05+00:00,usd_mxn,17.89,17.9,0.056
2024-07-18 17:04:06+00:00,usd_mxn,17.89,17.9,0.056
2024-07-18 17:04:07+00:00,usd_mxn,17.89,17.9,0.056
2024-07-18 17:04:08+00:00,usd_mxn,17.89,17.9,0.056
2024-07-18 17:04:09+00:00,usd_mxn,17.89,17.9,0.056
2024-07-18 17:04:10+00:00,usd_mxn,17.89,17.9,0.056
2024-07-18 17:04:11+00:00,usd_mxn,17.89,17.9,0.056
2024-07-18 17:04:12+00:00,usd_mxn,17.89,17.9,0.056
2024-07-18 17:04:13+00:00,usd_mxn,17.89,17.9,0.056
2024-07-18 17:04:14+00:00,usd_mxn,17.89,17.9,0.056
2024-07-18 17:04:15+00:00,usd_mxn,17.89,17.9,0.056
2024-07-18 17:04:16+00:00,usd_mxn,17.89,17.9,0.056
2024-07-18 17:04:17+00:00,usd_mxn,17.89,17.9,0.056
2024-07-18 17:04:18+00:00,usd_mxn,17.89,17.9,0.056
2024-07-18 17:04:19+00:00,usd_mxn,17.89,17.9,0.056
2024-07-18 17:04:20+00:00,usd_mxn,17.89,17.9,0.056
2024-07-18 17:04:21+00:00,usd_mxn,17.89,17.9,0.056
2024-07-18 17:04:22+00:00,usd_mxn,17.89,17.9,0.056
2024-07-18 17:04:23+00:00,usd_mxn,17.89,17.9,0.056
2024-07-18 17:04:24+00:00,usd_mxn,17.89,17.9,0.056
2024-07-18 17:04:25+00:00,usd_mxn,17.89,17.9,0.056
2024-07-18 17:04:26+00:00,usd_mxn,17.89,17.9,0.056
2024-07-18 17:04:27+00:00,usd_mxn,17.89,17.9,0.056
2024-07-18 17:04:28+00:00,usd_mxn,17.89,17.9,0.056
2024-07-18 17:04:29+00:00,usd_mxn,17.89,17.9,0.056
2024-07-18 17:04:30+00:00,usd_mxn,17.89,17.9,0.056
2024-07-18 17:04:31+00:00,usd_mxn,17.89,17.9,0.056
2024-07-18 17:04:32+00:00,usd_mxn,17.89,17.9,0.056
2024-07-18 17:04:33+00:00,usd_mxn,17.89,17.9,0.056
2024-07-18 17:04:34+00:00,usd_mxn,17.89,17.9,0.056
2024-07-18 17:04:35+00:00,usd_mxn,17.89,17.9,0.056
2024-07-18 17:04:36+00:00,usd_mxn,17.89,17.9,0.056
2024-07-18 17:04:37+00:00,usd_mxn,17.89,17.9,0.056
2024-07-18 17:04:38+00:00,usd_mxn,17.89,17.9,0.056
2024-07-18 17:04:39+00:00,usd_mxn,17.89,17.9,0.056
2024-07-18 17:04:40+00:00,usd_mxn,17.89,17.9,0.056
2024-07-18 17:04:41+00:00,usd_mxn,17.89,17.9,0.056
2024-07-18 17:04:42+00:00,usd_mxn,17.89,17.9,0.056
2024-07-18 17:04:43+00:00,usd_mxn,17.89,17.9,0.056
2024-07-18 17:04:44+00:00,usd_mxn,17.89,17.9,0.056
2024-07-18 17:04:45+00:00,usd_mxn,17.89,17.9,0.056
2024-07-18 17:04:46+00:00,usd_mxn,17.89,17.9,0.056
2024-07-18 17:04:47+00:00,usd_mxn,17.89,17.9,0.056
2024-07-18 17:04:48+00:00,usd_mxn,17.89,17.9,0.056
2024-07-18 17:04:49+00:00,usd_mxn,17.89,17.9,0.056
2024-07-18 17:04:50+00:00,usd_mxn,17.89,17.9,0.056
2024-07-18 17:04:51+00:00,usd_mxn,17.89,17.9,0.056
2024-07-18 17:04:52+00:00,usd_mxn,17.89,17.9,0.056
2024-07-18 17:04:53+00:00,usd_mxn,17.89,17.9,0.056
2024-07-18 17:04:55+00:00,usd_mxn,17.89,17.9,0.056
2024-07-18 17:04:55+00:00,usd_mxn,17.89,17.9,0.056
2024-07-18 17:04:57+00:00,usd_mxn,17.89,17.9,0.056
2024-07-18 17:04:58+00:00,usd_mxn,17.89,17.9,0.056
2024-07-18 17:04:58+00:00,usd_mxn,17.89,17.9,0.056
2024-07-18 17:05:00+00:00,usd_mxn,17.88,17.9,0.112
2024-07-18 17:05:01+00:00,usd_mxn,17.88,17.9,0.112
2024-07-18 17:05:02+00:00,usd_mxn,17.88,17.9,0.112
2024-07-18 17:05:03+00:00,usd_mxn,17.88,17.9,0.112
2024-07-18 17:05:04+00:00,usd_mxn,17.88,17.9,0.112
2024-07-18 17:05:05+00:00,usd_mxn,17.88,17.9,0.112
2024-07-18 17:05:06+00:00,usd_mxn,17.88,17.9,0.112
2024-07-18 17:05:07+00:00,usd_mxn,17.88,17.9,0.112
2024-07-18 17:05:08+00:00,usd_mxn,17.88,17.9,0.112
2024-07-18 17:05:09+00:00,usd_mxn,17.88,17.9,0.112
2024-07-18 17:05:10+00:00,usd_mxn,17.88,17.9,0.112
2024-07-18 17:05:11+00:00,usd_mxn,17.88,17.9,0.112
2024-07-18 17:05:12+00:00,usd_mxn,17.88,17.9,0.112
2024-07-18 17:05:13+00:00,usd_mxn,17.88,17.9,0.112
2024-07-18 17:05:14+00:00,usd_mxn,17.88,17.9,0.112
2024-07-18 17:05:15+00:00,usd_mxn,17.88,17.9,0.112
2024-07-18 17:05:16+00:00,usd_mxn,17.88,17.9,0.112
2024-07-18 17:05:17+00:00,usd_mxn,17.88,17.9,0.112
2024-07-18 17:05:18+00:00,usd_mxn,17.88,17.9,0.112
2024-07-18 17:05:19+00:00,usd_mxn,17.88,17.9,0.112
2024-07-18 17:05:20+00:00,usd_mxn,17.88,17.9,0.112
2024-07-18 17:05:21+00:00,usd_mxn,17.88,17.9,0.112
2024-07-18 17:05:22+00:00,usd_mxn,17.88,17.9,0.112
2024-07-18 17:05:23+00:00,usd_mxn,17.88,17.9,0.112
2024-07-18 17:05:24+00:00,usd_mxn,17.88,17.9,0.112
2024-07-18 17:05:25+00:00,usd_mxn,17.88,17.9,0.112
2024-07-18 17:05:26+00:00,usd_mxn,17.88,17.9,0.112
2024-07-18 17:05:27+00:00,usd_mxn,17.88,17.9,0.112
2024-07-18 17:05:28+00:00,usd_mxn,17.88,17.9,0.112
2024-07-18 17:05:29+00:00,usd_mxn,17.88,17.9,0.112
2024-07-18 17:05:30+00:00,usd_mxn,17.88,17.9,0.112
2024-07-18 17:05:31+00:00,usd_mxn,17.88,17.9,0.112
2024-07-18 17:05:32+00:00,usd_mxn,17.88,17.9,0.112
2024-07-18 17:05:33+00:00,usd_mxn,17.88,17.9,0.112
2024-07-18 17:05:34+00:00,usd_mxn,17.88,17.9,0.112
2024-07-18 17:05:35+00:00,usd_mxn,17.88,17.9,0.112
2024-07-18 17:05:36+00:00,usd_mxn,17.88,17.9,0.112
2024-07-18 17:05:37+00:00,usd_mxn,17.88,17.9,0.112
2024-07-18 17:05:38+00:00,usd_mxn,17.88,17.9,0.112
2024-07-18 17:05:39+00:00,usd_mxn,17.88,17.9,0.112
2024-07-18 17:05:40+00:00,usd_mxn,17.88,17.9,0.112
2024-07-18 17:05:41+00:00,usd_mxn,17.88,17.9,0.112
2024-07-18 17:05:42+00:00,usd_mxn,17.88,17.9,0.112
2024-07-18 17:05:43+00:00,usd_mxn,17.88,17.9,0.112
2024-07-18 17:05:44+00:00,usd_mxn,17.88,17.9,0.112
2024-07-18 17:05:45+00:00,usd_mxn,17.88,17.9,0.112
2024-07-18 17:05:46+00:00,usd_mxn,17.88,17.9,0.112
2024-07-18 17:05:47+00:00,usd_mxn,17.88,17.9,0.112
2024-07-18 17:05:48+00:00,usd_mxn,17.88,17.9,0.112
2024-07-18 17:05:49+00:00,usd_mxn,17.88,17.9,0.112
2024-07-18 17:05:51+00:00,usd_mxn,17.88,17.9,0.112
2024-07-18 17:05:51+00:00,usd_mxn,17.88,17.9,0.112
2024-07-18 17:05:52+00:00,usd_mxn,17.88,17.9,0.112
2024-07-18 17:05:53+00:00,usd_mxn,17.88,17.9,0.112
2024-07-18 17:05:54+00:00,usd_mxn,17.88,17.9,0.112
2024-07-18 17:05:55+00:00,usd_mxn,17.88,17.9,0.112
2024-07-18 17:05:56+00:00,usd_mxn,17.88,17.9,0.112
2024-07-18 17:05:57+00:00,usd_mxn,17.88,17.9,0.112
2024-07-18 17:05:58+00:00,usd_mxn,17.88,17.9,0.112
2024-07-18 17:05:59+00:00,usd_mxn,17.88,17.9,0.112
2024-07-18 17:06:00+00:00,usd_mxn,17.88,17.9,0.112
2024-07-18 17:06:01+00:00,usd_mxn,17.88,17.9,0.112
2024-07-18 17:06:02+00:00,usd_mxn,17.88,17.9,0.112
2024-07-18 17:06:03+00:00,usd_mxn,17.88,17.9,0.112
2024-07-18 17:06:04+00:00,usd_mxn,17.88,17.9,0.112
2024-07-18 17:06:06+00:00,usd_mxn,17.88,17.9,0.112
2024-07-18 17:06:07+00:00,usd_mxn,17.88,17.9,0.112
2024-07-18 17:06:08+00:00,usd_mxn,17.88,17.9,0.112
2024-07-18 17:06:09+00:00,usd_mxn,17.88,17.9,0.112
2024-07-18 17:06:10+00:00,usd_mxn,17.88,17.9,0.112
2024-07-18 17:06:11+00:00,usd_mxn,17.88,17.9,0.112
2024-07-18 17:06:12+00:00,usd_mxn,17.88,17.9,0.112
2024-07-18 17:06:13+00:00,usd_mxn,17.88,17.9,0.112
2024-07-18 17:06:14+00:00,usd_mxn,17.88,17.9,0.112
2024-07-18 17:06:15+00:00,usd_mxn,17.88,17.9,0.112
2024-07-18 17:06:16+00:00,usd_mxn,17.88,17.9,0.112
2024-07-18 17:06:17+00:00,usd_mxn,17.88,17.9,0.112
2024-07-18 17:06:18+00:00,usd_mxn,17.88,17.9,0.112
2024-07-18 17:06:19+00:00,usd_mxn,17.88,17.9,0.112
2024-07-18 17:06:20+00:00,usd_mxn,17.88,17.9,0.112
2024-07-18 17:06:21+00:00,usd_mxn,17.88,17.9,0.112
2024-07-18 17:06:22+00:00,usd_mxn,17.88,17.9,0.112
2024-07-18 17:06:23+00:00,usd_mxn,17.88,17.9,0.112
2024-07-18 17:06:24+00:00,usd_mxn,17.88,17.9,0.112
2024-07-18 17:06:25+00:00,usd_mxn,17.88,17.9,0.112
2024-07-18 17:06:26+00:00,usd_mxn,17.88,17.9,0.112
2024-07-18 17:06:27+00:00,usd_mxn,17.88,17.9,0.112
2024-07-18 17:06:28+00:00,usd_mxn,17.88,17.9,0.112
2024-07-18 17:06:29+00:00,usd_mxn,17.88,17.9,0.112
2024-07-18 17:06:30+00:00,usd_mxn,17.88,17.9,0.112
2024-07-18 17:06:31+00:00,usd_mxn,17.88,17.9,0.112
2024-07-18 17:06:32+00:00,usd_mxn,17.88,17.9,0.112
2024-07-18 17:06:33+00:00,usd_mxn,17.88,17.9,0.112
2024-07-18 17:06:34+00:00,usd_mxn,17.88,17.9,0.112
2024-07-18 17:06:35+00:00,usd_mxn,17.88,17.9,0.112
2024-07-18 17:06:36+00:00,usd_mxn,17.88,17.9,0.112
2024-07-18 17:06:37+00:00,usd_mxn,17.88,17.9,0.112
2024-07-18 17:06:38+00:00,usd_mxn,17.88,17.9,0.112
2024-07-18 17:06:39+00:00,usd_mxn,17.88,17.9,0.112
2024-07-18 17:06:40+00:00,usd_mxn,17.88,17.9,0.112
2024-07-18 17:06:41+00:00,usd_mxn,17.88,17.9,0.112
2024-07-18 17:06:42+00:00,usd_mxn,17.88,17.9,0.112
2024-07-18 17:06:43+00:00,usd_mxn,17.88,17.9,0.112
2024-07-18 17:06:44+00:00,usd_mxn,17.88,17.9,0.112
2024-07-18 17:06:45+00:00,usd_mxn,17.88,17.9,0.112
2024-07-18 17:06:46+00:00,usd_mxn,17.88,17.9,0.112
2024-07-18 17:06:47+00:00,usd_mxn,17.88,17.9,0.112
2024-07-18 17:06:48+00:00,usd_mxn,17.88,17.9,0.112
2024-07-18 17:06:49+00:00,usd_mxn,17.88,17.9,0.112
2024-07-18 17:06:50+00:00,usd_mxn,17.88,17.9,0.112
2024-07-18 17:06:51+00:00,usd_mxn,17.88,17.9,0.112
2024-07-18 17:06:52+00:00,usd_mxn,17.88,17.9,0.112
2024-07-18 17:06:53+00:00,usd_mxn,17.88,17.9,0.112
2024-07-18 17:06:54+00:00,usd_mxn,17.88,17.9,0.112
2024-07-18 17:06:55+00:00,usd_mxn,17.88,17.9,0.112
2024-07-18 17:06:56+00:00,usd_mxn,17.88,17.9,0.112
2024-07-18 17:06:57+00:00,usd_mxn,17.88,17.9,0.112
2024-07-18 17:06:58+00:00,usd_mxn,17.88,17.9,0.112
2024-07-18 17:06:59+00:00,usd_mxn,17.88,17.9,0.112
2024-07-18 17:07:00+00:00,usd_mxn,17.88,17.9,0.112
2024-07-18 17:07:01+00:00,usd_mxn,17.88,17.9,0.112
2024-07-18 17:07:02+00:00,usd_mxn,17.89,17.9,0.056
2024-07-18 17:07:03+00:00,usd_mxn,17.89,17.9,0.056
2024-07-18 17:07:04+00:00,usd_mxn,17.89,17.9,0.056
2024-07-18 17:07:05+00:00,usd_mxn,17.89,17.91,0.112
2024-07-18 17:07:07+00:00,usd_mxn,17.89,17.91,0.112
2024-07-18 17:07:07+00:00,usd_mxn,17.9,17.91,0.056
2024-07-18 17:07:08+00:00,usd_mxn,17.9,17.91,0.056
2024-07-18 17:07:09+00:00,usd_mxn,17.9,17.91,0.056
2024-07-18 17:07:11+00:00,usd_mxn,17.9,17.91,0.056
2024-07-18 17:07:12+00:00,usd_mxn,17.9,17.91,0.056
2024-07-18 17:07:13+00:00,usd_mxn,17.9,17.91,0.056
2024-07-18 17:07:14+00:00,usd_mxn,17.9,17.91,0.056
2024-07-18 17:07:15+00:00,usd_mxn,17.9,17.91,0.056
2024-07-18 17:07:16+00:00,usd_mxn,17.9,17.91,0.056
2024-07-18 17:07:17+00:00,usd_mxn,17.9,17.91,0.056
2024-07-18 17:07:18+00:00,usd_mxn,17.9,17.91,0.056
2024-07-18 17:07:19+00:00,usd_mxn,17.9,17.91,0.056
2024-07-18 17:07:20+00:00,usd_mxn,17.9,17.91,0.056
2024-07-18 17:07:21+00:00,usd_mxn,17.9,17.91,0.056
2024-07-18 17:07:22+00:00,usd_mxn,17.9,17.91,0.056
2024-07-18 17:07:23+00:00,usd_mxn,17.9,17.91,0.056
2024-07-18 17:07:24+00:00,usd_mxn,17.9,17.91,0.056
2024-07-18 17:07:25+00:00,usd_mxn,17.9,17.91,0.056
2024-07-18 17:07:26+00:00,usd_mxn,17.9,17.91,0.056
2024-07-18 17:07:27+00:00,usd_mxn,17.9,17.91,0.056
2024-07-18 17:07:28+00:00,usd_mxn,17.9,17.91,0.056
2024-07-18 17:07:29+00:00,usd_mxn,17.9,17.91,0.056
2024-07-18 17:07:30+00:00,usd_mxn,17.9,17.91,0.056
2024-07-18 17:07:31+00:00,usd_mxn,17.9,17.91,0.056
2024-07-18 17:07:32+00:00,usd_mxn,17.9,17.91,0.056
2024-07-18 17:07:33+00:00,usd_mxn,17.9,17.91,0.056
2024-07-18 17:07:34+00:00,usd_mxn,17.9,17.91,0.056
2024-07-18 17:07:35+00:00,usd_mxn,17.9,17.91,0.056
2024-07-18 17:07:36+00:00,usd_mxn,17.9,17.91,0.056
2024-07-18 17:07:37+00:00,usd_mxn,17.9,17.91,0.056
2024-07-18 17:07:38+00:00,usd_mxn,17.9,17.91,0.056
2024-07-18 17:07:39+00:00,usd_mxn,17.9,17.91,0.056
2024-07-18 17:07:40+00:00,usd_mxn,17.9,17.91,0.056
2024-07-18 17:07:41+00:00,usd_mxn,17.9,17.91,0.056
2024-07-18 17:07:42+00:00,usd_mxn,17.9,17.91,0.056
2024-07-18 17:07:43+00:00,usd_mxn,17.9,17.91,0.056
2024-07-18 17:07:44+00:00,usd_mxn,17.9,17.91,0.056
2024-07-18 17:07:45+00:00,usd_mxn,17.9,17.91,0.056
2024-07-18 17:07:46+00:00,usd_mxn,17.9,17.91,0.056
2024-07-18 17:07:47+00:00,usd_mxn,17.9,17.91,0.056
2024-07-18 17:07:48+00:00,usd_mxn,17.9,17.91,0.056
2024-07-18 17:07:49+00:00,usd_mxn,17.9,17.91,0.056
2024-07-18 17:07:50+00:00,usd_mxn,17.9,17.91,0.056
2024-07-18 17:07:51+00:00,usd_mxn,17.9,17.91,0.056
2024-07-18 17:07:52+00:00,usd_mxn,17.9,17.91,0.056
2024-07-18 17:07:53+00:00,usd_mxn,17.9,17.91,0.056
2024-07-18 17:07:54+00:00,usd_mxn,17.9,17.91,0.056
2024-07-18 17:07:55+00:00,usd_mxn,17.9,17.91,0.056
2024-07-18 17:07:56+00:00,usd_mxn,17.9,17.91,0.056
2024-07-18 17:07:57+00:00,usd_mxn,17.9,17.91,0.056
2024-07-18 17:07:58+00:00,usd_mxn,17.9,17.91,0.056
2024-07-18 17:07:59+00:00,usd_mxn,17.9,17.91,0.056
2024-07-18 17:08:00+00:00,usd_mxn,17.9,17.91,0.056
2024-07-18 17:08:01+00:00,usd_mxn,17.9,17.91,0.056
2024-07-18 17:08:02+00:00,usd_mxn,17.91,17.92,0.056
2024-07-18 17:08:03+00:00,usd_mxn,17.91,17.92,0.056
2024-07-18 17:08:04+00:00,usd_mxn,17.91,17.92,0.056
2024-07-18 17:08:05+00:00,usd_mxn,17.91,17.92,0.056
2024-07-18 17:08:06+00:00,usd_mxn,17.91,17.92,0.056
2024-07-18 17:08:07+00:00,usd_mxn,17.91,17.92,0.056
2024-07-18 17:08:08+00:00,usd_mxn,17.91,17.92,0.056
2024-07-18 17:08:09+00:00,usd_mxn,17.91,17.93,0.112
2024-07-18 17:08:10+00:00,usd_mxn,17.91,17.93,0.112
2024-07-18 17:08:11+00:00,usd_mxn,17.91,17.93,0.112
2024-07-18 17:08:12+00:00,usd_mxn,17.91,17.93,0.112
2024-07-18 17:08:13+00:00,usd_mxn,17.91,17.93,0.112
2024-07-18 17:08:14+00:00,usd_mxn,17.91,17.93,0.112
2024-07-18 17:08:15+00:00,usd_mxn,17.91,17.93,0.112
2024-07-18 17:08:16+00:00,usd_mxn,17.91,17.93,0.112
2024-07-18 17:08:17+00:00,usd_mxn,17.91,17.93,0.112
2024-07-18 17:08:19+00:00,usd_mxn,17.91,17.93,0.112
2024-07-18 17:08:20+00:00,usd_mxn,17.91,17.93,0.112
2024-07-18 17:08:21+00:00,usd_mxn,17.91,17.93,0.112
2024-07-18 17:08:22+00:00,usd_mxn,17.91,17.93,0.112
2024-07-18 17:08:23+00:00,usd_mxn,17.91,17.93,0.112
2024-07-18 17:08:24+00:00,usd_mxn,17.91,17.93,0.112
2024-07-18 17:08:26+00:00,usd_mxn,17.91,17.93,0.112
2024-07-18 17:08:27+00:00,usd_mxn,17.91,17.93,0.112
2024-07-18 17:08:27+00:00,usd_mxn,17.91,17.93,0.112
2024-07-18 17:08:28+00:00,usd_mxn,17.91,17.93,0.112
2024-07-18 17:08:29+00:00,usd_mxn,17.91,17.93,0.112
2024-07-18 17:08:30+00:00,usd_mxn,17.91,17.93,0.112
2024-07-18 17:08:31+00:00,usd_mxn,17.91,17.93,0.112
2024-07-18 17:08:32+00:00,usd_mxn,17.91,17.93,0.112
2024-07-18 17:08:33+00:00,usd_mxn,17.91,17.93,0.112
2024-07-18 17:08:34+00:00,usd_mxn,17.91,17.93,0.112
2024-07-18 17:08:35+00:00,usd_mxn,17.91,17.93,0.112
2024-07-18 17:08:36+00:00,usd_mxn,17.91,17.93,0.112
2024-07-18 17:08:37+00:00,usd_mxn,17.91,17.93,0.112
2024-07-18 17:08:38+00:00,usd_mxn,17.91,17.93,0.112
2024-07-18 17:08:39+00:00,usd_mxn,17.91,17.93,0.112
2024-07-18 17:08:40+00:00,usd_mxn,17.91,17.93,0.112
2024-07-18 17:08:41+00:00,usd_mxn,17.91,17.93,0.112
2024-07-18 17:08:42+00:00,usd_mxn,17.91,17.93,0.112
2024-07-18 17:08:43+00:00,usd_mxn,17.91,17.93,0.112
2024-07-18 17:08:44+00:00,usd_mxn,17.91,17.93,0.112
2024-07-18 17:08:45+00:00,usd_mxn,17.91,17.93,0.112
2024-07-18 17:08:46+00:00,usd_mxn,17.91,17.93,0.112
2024-07-18 17:08:47+00:00,usd_mxn,17.91,17.93,0.112
2024-07-18 17:08:48+00:00,usd_mxn,17.91,17.93,0.112
2024-07-18 17:08:49+00:00,usd_mxn,17.91,17.93,0.112
2024-07-18 17:08:50+00:00,usd_mxn,17.91,17.93,0.112
2024-07-18 17:08:51+00:00,usd_mxn,17.91,17.93,0.112
2024-07-18 17:08:52+00:00,usd_mxn,17.91,17.93,0.112
2024-07-18 17:08:53+00:00,usd_mxn,17.91,17.93,0.112
2024-07-18 17:08:54+00:00,usd_mxn,17.91,17.93,0.112
2024-07-18 17:08:55+00:00,usd_mxn,17.91,17.93,0.112
2024-07-18 17:08:56+00:00,usd_mxn,17.91,17.93,0.112
2024-07-18 17:08:57+00:00,usd_mxn,17.91,17.93,0.112
2024-07-18 17:08:58+00:00,usd_mxn,17.91,17.93,0.112
2024-07-18 17:08:59+00:00,usd_mxn,17.91,17.93,0.112
2024-07-18 17:09:00+00:00,usd_mxn,17.91,17.93,0.112
2024-07-18 17:09:01+00:00,usd_mxn,17.91,17.93,0.112
2024-07-18 17:09:02+00:00,usd_mxn,17.9,17.93,0.167
2024-07-18 17:09:03+00:00,usd_mxn,17.9,17.93,0.167
2024-07-18 17:09:04+00:00,usd_mxn,17.9,17.93,0.167
2024-07-18 17:09:06+00:00,usd_mxn,17.9,17.91,0.056
2024-07-18 17:09:07+00:00,usd_mxn,17.9,17.91,0.056
2024-07-18 17:09:08+00:00,usd_mxn,17.9,17.91,0.056
2024-07-18 17:09:09+00:00,usd_mxn,17.9,17.91,0.056
2024-07-18 17:09:10+00:00,usd_mxn,17.9,17.91,0.056
2024-07-18 17:09:11+00:00,usd_mxn,17.9,17.91,0.056
2024-07-18 17:09:12+00:00,usd_mxn,17.9,17.91,0.056
2024-07-18 17:09:13+00:00,usd_mxn,17.9,17.91,0.056
2024-07-18 17:09:14+00:00,usd_mxn,17.9,17.93,0.167
2024-07-18 17:09:15+00:00,usd_mxn,17.9,17.93,0.167
2024-07-18 17:09:16+00:00,usd_mxn,17.9,17.93,0.167
2024-07-18 17:09:17+00:00,usd_mxn,17.9,17.93,0.167
2024-07-18 17:09:18+00:00,usd_mxn,17.9,17.93,0.167
2024-07-18 17:09:19+00:00,usd_mxn,17.9,17.93,0.167
2024-07-18 17:09:20+00:00,usd_mxn,17.9,17.93,0.167
2024-07-18 17:09:21+00:00,usd_mxn,17.9,17.93,0.167
2024-07-18 17:09:22+00:00,usd_mxn,17.9,17.93,0.167
2024-07-18 17:09:23+00:00,usd_mxn,17.9,17.93,0.167
2024-07-18 17:09:24+00:00,usd_mxn,17.9,17.93,0.167
2024-07-18 17:09:25+00:00,usd_mxn,17.9,17.93,0.167
2024-07-18 17:09:26+00:00,usd_mxn,17.9,17.93,0.167
2024-07-18 17:09:27+00:00,usd_mxn,17.9,17.93,0.167
2024-07-18 17:09:28+00:00,usd_mxn,17.9,17.93,0.167
2024-07-18 17:09:29+00:00,usd_mxn,17.9,17.93,0.167
2024-07-18 17:09:30+00:00,usd_mxn,17.9,17.93,0.167
2024-07-18 17:09:31+00:00,usd_mxn,17.9,17.93,0.167
2024-07-18 17:09:32+00:00,usd_mxn,17.9,17.93,0.167
2024-07-18 17:09:33+00:00,usd_mxn,17.9,17.93,0.167
2024-07-18 17:09:34+00:00,usd_mxn,17.9,17.93,0.167
2024-07-18 17:09:35+00:00,usd_mxn,17.9,17.93,0.167
2024-07-18 17:09:36+00:00,usd_mxn,17.9,17.93,0.167
2024-07-18 17:09:37+00:00,usd_mxn,17.9,17.93,0.167
2024-07-18 17:09:38+00:00,usd_mxn,17.9,17.93,0.167
2024-07-18 17:09:39+00:00,usd_mxn,17.9,17.93,0.167
2024-07-18 17:09:40+00:00,usd_mxn,17.9,17.93,0.167
2024-07-18 17:09:41+00:00,usd_mxn,17.9,17.93,0.167
2024-07-18 17:09:42+00:00,usd_mxn,17.9,17.93,0.167
2024-07-18 17:09:43+00:00,usd_mxn,17.9,17.93,0.167
2024-07-18 17:09:44+00:00,usd_mxn,17.9,17.93,0.167
2024-07-18 17:09:45+00:00,usd_mxn,17.9,17.93,0.167
2024-07-18 17:09:46+00:00,usd_mxn,17.9,17.93,0.167
2024-07-18 17:09:47+00:00,usd_mxn,17.9,17.93,0.167
2024-07-18 17:09:48+00:00,usd_mxn,17.9,17.93,0.167
2024-07-18 17:09:49+00:00,usd_mxn,17.9,17.93,0.167
2024-07-18 17:09:50+00:00,usd_mxn,17.9,17.93,0.167
2024-07-18 17:09:51+00:00,usd_mxn,17.9,17.93,0.167
2024-07-18 17:09:52+00:00,usd_mxn,17.9,17.93,0.167
2024-07-18 17:09:53+00:00,usd_mxn,17.9,17.93,0.167
2024-07-18 17:09:54+00:00,usd_mxn,17.9,17.93,0.167
2024-07-18 17:09:55+00:00,usd_mxn,17.9,17.93,0.167
2024-07-18 17:09:56+00:00,usd_mxn,17.9,17.93,0.167
2024-07-18 17:09:57+00:00,usd_mxn,17.9,17.93,0.167
2024-07-18 17:09:58+00:00,usd_mxn,17.9,17.93,0.167
2024-07-18 17:10:00+00:00,usd_mxn,17.9,17.93,0.167
2024-07-18 17:10:00+00:00,usd_mxn,17.9,17.93,0.167
2024-07-18 17:10:02+00:00,usd_mxn,17.9,17.93,0.167
2024-07-18 17:10:03+00:00,usd_mxn,17.9,17.93,0.167
2024-07-18 17:10:04+00:00,usd_mxn,17.9,17.93,0.167
2024-07-18 17:10:05+00:00,usd_mxn,17.9,17.93,0.167
2024-07-18 17:10:06+00:00,usd_mxn,17.9,17.93,0.167
2024-07-18 17:10:07+00:00,usd_mxn,17.9,17.93,0.167
2024-07-18 17:10:08+00:00,usd_mxn,17.9,17.93,0.167
2024-07-18 17:10:09+00:00,usd_mxn,17.9,17.93,0.167
2024-07-18 17:10:10+00:00,usd_mxn,17.9,17.93,0.167
2024-07-18 17:10:11+00:00,usd_mxn,17.9,17.93,0.167
2024-07-18 17:10:12+00:00,usd_mxn,17.9,17.93,0.167
2024-07-18 17:10:13+00:00,usd_mxn,17.9,17.93,0.167
2024-07-18 17:10:14+00:00,usd_mxn,17.9,17.93,0.167
2024-07-18 17:10:15+00:00,usd_mxn,17.9,17.93,0.167
2024-07-18 17:10:16+00:00,usd_mxn,17.9,17.93,0.167
2024-07-18 17:10:17+00:00,usd_mxn,17.9,17.93,0.167
2024-07-18 17:10:18+00:00,usd_mxn,17.9,17.93,0.167
2024-07-18 17:10:19+00:00,usd_mxn,17.9,17.93,0.167
2024-07-18 17:10:20+00:00,usd_mxn,17.9,17.93,0.167
2024-07-18 17:10:21+00:00,usd_mxn,17.9,17.93,0.167
2024-07-18 17:10:22+00:00,usd_mxn,17.9,17.93,0.167
2024-07-18 17:10:23+00:00,usd_mxn,17.9,17.93,0.167
2024-07-18 17:10:24+00:00,usd_mxn,17.9,17.93,0.167
2024-07-18 17:10:25+00:00,usd_mxn,17.9,17.93,0.167
2024-07-18 17:10:26+00:00,usd_mxn,17.9,17.93,0.167
2024-07-18 17:10:27+00:00,usd_mxn,17.9,17.93,0.167
2024-07-18 17:10:28+00:00,usd_mxn,17.9,17.93,0.167
2024-07-18 17:10:29+00:00,usd_mxn,17.9,17.93,0.167
2024-07-18 17:10:30+00:00,usd_mxn,17.9,17.93,0.167
2024-07-18 17:10:31+00:00,usd_mxn,17.9,17.93,0.167
2024-07-18 17:10:32+00:00,usd_mxn,17.9,17.93,0.167
2024-07-18 17:10:33+00:00,usd_mxn,17.9,17.93,0.167
2024-07-18 17:10:34+00:00,usd_mxn,17.9,17.93,0.167
2024-07-18 17:10:35+00:00,usd_mxn,17.9,17.93,0.167
2024-07-18 17:10:36+00:00,usd_mxn,17.9,17.93,0.167
2024-07-18 17:10:37+00:00,usd_mxn,17.9,17.93,0.167
2024-07-18 17:10:38+00:00,usd_mxn,17.9,17.93,0.167
2024-07-18 17:10:39+00:00,usd_mxn,17.9,17.93,0.167
2024-07-18 17:10:40+00:00,usd_mxn,17.9,17.93,0.167
2024-07-18 17:10:41+00:00,usd_mxn,17.9,17.93,0.167
2024-07-18 17:10:42+00:00,usd_mxn,17.9,17.93,0.167
2024-07-18 17:10:43+00:00,usd_mxn,17.9,17.93,0.167
2024-07-18 17:10:44+00:00,usd_mxn,17.9,17.93,0.167
2024-07-18 17:10:45+00:00,usd_mxn,17.9,17.93,0.167
2024-07-18 17:10:46+00:00,usd_mxn,17.9,17.93,0.167
2024-07-18 17:10:47+00:00,usd_mxn,17.9,17.93,0.167
2024-07-18 17:10:48+00:00,usd_mxn,17.9,17.93,0.167
2024-07-18 17:10:49+00:00,usd_mxn,17.9,17.93,0.167
2024-07-18 17:10:50+00:00,usd_mxn,17.9,17.93,0.167
2024-07-18 17:10:51+00:00,usd_mxn,17.9,17.93,0.167
2024-07-18 17:10:52+00:00,usd_mxn,17.9,17.93,0.167
2024-07-18 17:10:54+00:00,usd_mxn,17.9,17.93,0.167
2024-07-18 17:10:54+00:00,usd_mxn,17.9,17.93,0.167
2024-07-18 17:10:55+00:00,usd_mxn,17.9,17.93,0.167
2024-07-18 17:10:56+00:00,usd_mxn,17.9,17.93,0.167
2024-07-18 17:10:57+00:00,usd_mxn,17.9,17.93,0.167
2024-07-18 17:10:58+00:00,usd_mxn,17.9,17.93,0.167
2024-07-18 17:10:59+00:00,usd_mxn,17.9,17.93,0.167
2024-07-18 17:11:00+00:00,usd_mxn,17.9,17.93,0.167
2024-07-18 17:11:01+00:00,usd_mxn,17.9,17.93,0.167
2024-07-18 17:11:03+00:00,usd_mxn,17.9,17.93,0.167
2024-07-18 17:11:03+00:00,usd_mxn,17.9,17.93,0.167
2024-07-18 17:11:04+00:00,usd_mxn,17.9,17.93,0.167
2024-07-18 17:11:05+00:00,usd_mxn,17.9,17.91,0.056
2024-07-18 17:11:06+00:00,usd_mxn,17.9,17.91,0.056
2024-07-18 17:11:07+00:00,usd_mxn,17.9,17.91,0.056
2024-07-18 17:11:08+00:00,usd_mxn,17.9,17.91,0.056
2024-07-18 17:11:10+00:00,usd_mxn,17.9,17.91,0.056
2024-07-18 17:11:11+00:00,usd_mxn,17.9,17.91,0.056
2024-07-18 17:11:12+00:00,usd_mxn,17.9,17.91,0.056
2024-07-18 17:11:13+00:00,usd_mxn,17.9,17.91,0.056
2024-07-18 17:11:14+00:00,usd_mxn,17.9,17.91,0.056
2024-07-18 17:11:15+00:00,usd_mxn,17.9,17.91,0.056
2024-07-18 17:11:16+00:00,usd_mxn,17.9,17.91,0.056
2024-07-18 17:11:17+00:00,usd_mxn,17.9,17.91,0.056
2024-07-18 17:11:18+00:00,usd_mxn,17.9,17.91,0.056
2024-07-18 17:11:19+00:00,usd_mxn,17.9,17.91,0.056
2024-07-18 17:11:20+00:00,usd_mxn,17.9,17.91,0.056
2024-07-18 17:11:21+00:00,usd_mxn,17.9,17.91,0.056
2024-07-18 17:11:22+00:00,usd_mxn,17.9,17.91,0.056
2024-07-18 17:11:23+00:00,usd_mxn,17.9,17.91,0.056
2024-07-18 17:11:24+00:00,usd_mxn,17.9,17.91,0.056
2024-07-18 17:11:25+00:00,usd_mxn,17.9,17.91,0.056
2024-07-18 17:11:26+00:00,usd_mxn,17.9,17.91,0.056
2024-07-18 17:11:27+00:00,usd_mxn,17.9,17.91,0.056
2024-07-18 17:11:28+00:00,usd_mxn,17.9,17.91,0.056
2024-07-18 17:11:29+00:00,usd_mxn,17.9,17.91,0.056
2024-07-18 17:11:30+00:00,usd_mxn,17.9,17.91,0.056
2024-07-18 17:11:31+00:00,usd_mxn,17.9,17.91,0.056
2024-07-18 17:11:32+00:00,usd_mxn,17.9,17.91,0.056
2024-07-18 17:11:33+00:00,usd_mxn,17.9,17.91,0.056
2024-07-18 17:11:34+00:00,usd_mxn,17.9,17.91,0.056
2024-07-18 17:11:35+00:00,usd_mxn,17.9,17.91,0.056
2024-07-18 17:11:36+00:00,usd_mxn,17.9,17.91,0.056
2024-07-18 17:11:37+00:00,usd_mxn,17.9,17.91,0.056
2024-07-18 17:11:38+00:00,usd_mxn,17.9,17.91,0.056
2024-07-18 17:11:39+00:00,usd_mxn,17.9,17.91,0.056
2024-07-18 17:11:40+00:00,usd_mxn,17.9,17.91,0.056
2024-07-18 17:11:41+00:00,usd_mxn,17.9,17.91,0.056
2024-07-18 17:11:42+00:00,usd_mxn,17.9,17.91,0.056
2024-07-18 17:11:43+00:00,usd_mxn,17.9,17.91,0.056
2024-07-18 17:11:44+00:00,usd_mxn,17.9,17.91,0.056
2024-07-18 17:11:45+00:00,usd_mxn,17.9,17.91,0.056
2024-07-18 17:11:46+00:00,usd_mxn,17.9,17.91,0.056
2024-07-18 17:11:47+00:00,usd_mxn,17.9,17.91,0.056
2024-07-18 17:11:48+00:00,usd_mxn,17.9,17.91,0.056
2024-07-18 17:11:49+00:00,usd_mxn,17.9,17.91,0.056
2024-07-18 17:11:50+00:00,usd_mxn,17.9,17.91,0.056
2024-07-18 17:11:51+00:00,usd_mxn,17.9,17.91,0.056
2024-07-18 17:11:52+00:00,usd_mxn,17.9,17.91,0.056
2024-07-18 17:11:53+00:00,usd_mxn,17.9,17.91,0.056
2024-07-18 17:11:54+00:00,usd_mxn,17.9,17.91,0.056
2024-07-18 17:11:55+00:00,usd_mxn,17.9,17.91,0.056
2024-07-18 17:11:56+00:00,usd_mxn,17.9,17.91,0.056
2024-07-18 17:11:57+00:00,usd_mxn,17.9,17.91,0.056
2024-07-18 17:11:58+00:00,usd_mxn,17.9,17.91,0.056
2024-07-18 17:11:59+00:00,usd_mxn,17.9,17.91,0.056
2024-07-18 17:12:00+00:00,usd_mxn,17.9,17.91,0.056
2024-07-18 17:12:01+00:00,usd_mxn,17.9,17.91,0.056
2024-07-18 17:12:02+00:00,usd_mxn,17.9,17.91,0.056
2024-07-18 17:12:03+00:00,usd_mxn,17.9,17.91,0.056
2024-07-18 17:12:04+00:00,usd_mxn,17.9,17.91,0.056
2024-07-18 17:12:05+00:00,usd_mxn,17.9,17.91,0.056
2024-07-18 17:12:06+00:00,usd_mxn,17.9,17.91,0.056
2024-07-18 17:12:07+00:00,usd_mxn,17.9,17.91,0.056
2024-07-18 17:12:08+00:00,usd_mxn,17.9,17.91,0.056
2024-07-18 17:12:09+00:00,usd_mxn,17.9,17.91,0.056
2024-07-18 17:12:10+00:00,usd_mxn,17.9,17.91,0.056
2024-07-18 17:12:11+00:00,usd_mxn,17.9,17.91,0.056
2024-07-18 17:12:12+00:00,usd_mxn,17.9,17.91,0.056
2024-07-18 17:12:13+00:00,usd_mxn,17.9,17.91,0.056
2024-07-18 17:12:14+00:00,usd_mxn,17.9,17.91,0.056
2024-07-18 17:12:15+00:00,usd_mxn,17.9,17.91,0.056
2024-07-18 17:12:16+00:00,usd_mxn,17.9,17.91,0.056
2024-07-18 17:12:17+00:00,usd_mxn,17.9,17.91,0.056
2024-07-18 17:12:18+00:00,usd_mxn,17.9,17.91,0.056
2024-07-18 17:12:19+00:00,usd_mxn,17.9,17.91,0.056
2024-07-18 17:12:20+00:00,usd_mxn,17.9,17.91,0.056
2024-07-18 17:12:21+00:00,usd_mxn,17.9,17.91,0.056
2024-07-18 17:12:22+00:00,usd_mxn,17.9,17.91,0.056
2024-07-18 17:12:23+00:00,usd_mxn,17.9,17.91,0.056
2024-07-18 17:12:24+00:00,usd_mxn,17.9,17.91,0.056
2024-07-18 17:12:25+00:00,usd_mxn,17.9,17.91,0.056
2024-07-18 17:12:27+00:00,usd_mxn,17.9,17.91,0.056
2024-07-18 17:12:27+00:00,usd_mxn,17.9,17.91,0.056
2024-07-18 17:12:28+00:00,usd_mxn,17.9,17.91,0.056
2024-07-18 17:12:30+00:00,usd_mxn,17.9,17.91,0.056
2024-07-18 17:12:30+00:00,usd_mxn,17.9,17.91,0.056
2024-07-18 17:12:31+00:00,usd_mxn,17.9,17.91,0.056
2024-07-18 17:12:32+00:00,usd_mxn,17.9,17.91,0.056
2024-07-18 17:12:34+00:00,usd_mxn,17.9,17.91,0.056
2024-07-18 17:12:35+00:00,usd_mxn,17.9,17.91,0.056
2024-07-18 17:12:36+00:00,usd_mxn,17.9,17.91,0.056
2024-07-18 17:12:37+00:00,usd_mxn,17.9,17.91,0.056
2024-07-18 17:12:38+00:00,usd_mxn,17.9,17.91,0.056
2024-07-18 17:12:39+00:00,usd_mxn,17.9,17.91,0.056
2024-07-18 17:12:40+00:00,usd_mxn,17.9,17.91,0.056
2024-07-18 17:12:41+00:00,usd_mxn,17.9,17.91,0.056
2024-07-18 17:12:42+00:00,usd_mxn,17.9,17.91,0.056
2024-07-18 17:12:43+00:00,usd_mxn,17.9,17.91,0.056
2024-07-18 17:12:44+00:00,usd_mxn,17.9,17.91,0.056
2024-07-18 17:12:45+00:00,usd_mxn,17.9,17.91,0.056
2024-07-18 17:12:46+00:00,usd_mxn,17.9,17.91,0.056
2024-07-18 17:12:47+00:00,usd_mxn,17.9,17.91,0.056
2024-07-18 17:12:48+00:00,usd_mxn,17.9,17.91,0.056
2024-07-18 17:12:49+00:00,usd_mxn,17.9,17.91,0.056
2024-07-18 17:12:50+00:00,usd_mxn,17.9,17.91,0.056
2024-07-18 17:12:51+00:00,usd_mxn,17.9,17.91,0.056
2024-07-18 17:12:52+00:00,usd_mxn,17.9,17.91,0.056
2024-07-18 17:12:53+00:00,usd_mxn,17.9,17.91,0.056
2024-07-18 17:12:54+00:00,usd_mxn,17.9,17.91,0.056
2024-07-18 17:12:55+00:00,usd_mxn,17.9,17.91,0.056
2024-07-18 17:12:56+00:00,usd_mxn,17.9,17.91,0.056
2024-07-18 17:12:57+00:00,usd_mxn,17.9,17.91,0.056
2024-07-18 17:12:58+00:00,usd_mxn,17.9,17.91,0.056
2024-07-18 17:12:59+00:00,usd_mxn,17.9,17.91,0.056
2024-07-18 17:13:00+00:00,usd_mxn,17.9,17.91,0.056
2024-07-18 17:13:01+00:00,usd_mxn,17.9,17.91,0.056
2024-07-18 17:13:02+00:00,usd_mxn,17.89,17.91,0.112
2024-07-18 17:13:03+00:00,usd_mxn,17.89,17.91,0.112
2024-07-18 17:13:04+00:00,usd_mxn,17.89,17.91,0.112
2024-07-18 17:13:05+00:00,usd_mxn,17.89,17.91,0.112
2024-07-18 17:13:06+00:00,usd_mxn,17.89,17.91,0.112
2024-07-18 17:13:07+00:00,usd_mxn,17.89,17.91,0.112
2024-07-18 17:13:08+00:00,usd_mxn,17.89,17.91,0.112
2024-07-18 17:13:09+00:00,usd_mxn,17.89,17.91,0.112
2024-07-18 17:13:10+00:00,usd_mxn,17.89,17.91,0.112
2024-07-18 17:13:11+00:00,usd_mxn,17.89,17.91,0.112
2024-07-18 17:13:12+00:00,usd_mxn,17.89,17.91,0.112
2024-07-18 17:13:13+00:00,usd_mxn,17.89,17.91,0.112
2024-07-18 17:13:14+00:00,usd_mxn,17.89,17.91,0.112
2024-07-18 17:13:15+00:00,usd_mxn,17.89,17.91,0.112
2024-07-18 17:13:16+00:00,usd_mxn,17.89,17.91,0.112
2024-07-18 17:13:17+00:00,usd_mxn,17.89,17.91,0.112
2024-07-18 17:13:18+00:00,usd_mxn,17.89,17.91,0.112
2024-07-18 17:13:19+00:00,usd_mxn,17.89,17.91,0.112
2024-07-18 17:13:20+00:00,usd_mxn,17.89,17.91,0.112
2024-07-18 17:13:21+00:00,usd_mxn,17.89,17.91,0.112
2024-07-18 17:13:22+00:00,usd_mxn,17.89,17.91,0.112
2024-07-18 17:13:23+00:00,usd_mxn,17.89,17.91,0.112
2024-07-18 17:13:24+00:00,usd_mxn,17.89,17.91,0.112
2024-07-18 17:13:25+00:00,usd_mxn,17.89,17.91,0.112
2024-07-18 17:13:26+00:00,usd_mxn,17.89,17.91,0.112
2024-07-18 17:13:27+00:00,usd_mxn,17.89,17.91,0.112
2024-07-18 17:13:28+00:00,usd_mxn,17.89,17.91,0.112
2024-07-18 17:13:30+00:00,usd_mxn,17.89,17.91,0.112
2024-07-18 17:13:31+00:00,usd_mxn,17.89,17.91,0.112
2024-07-18 17:13:32+00:00,usd_mxn,17.89,17.91,0.112
2024-07-18 17:13:33+00:00,usd_mxn,17.89,17.91,0.112
2024-07-18 17:13:34+00:00,usd_mxn,17.89,17.91,0.112
2024-07-18 17:13:35+00:00,usd_mxn,17.89,17.91,0.112
2024-07-18 17:13:36+00:00,usd_mxn,17.89,17.91,0.112
