orderbook_timestamp,book,bid,ask,spread
2024-07-18 16:53:16+00:00,usd_mxn,17.75,17.84,0.504
2024-07-18 16:53:17+00:00,usd_mxn,17.75,17.84,0.504
2024-07-18 16:53:19+00:00,usd_mxn,17.75,17.84,0.504
2024-07-18 16:53:19+00:00,usd_mxn,17.75,17.84,0.504
2024-07-18 16:53:21+00:00,usd_mxn,17.75,17.84,0.504
2024-07-18 16:53:22+00:00,usd_mxn,17.75,17.84,0.504
2024-07-18 16:53:23+00:00,usd_mxn,17.75,17.84,0.504
2024-07-18 16:53:24+00:00,usd_mxn,17.75,17.84,0.504
2024-07-18 16:53:25+00:00,usd_mxn,17.75,17.84,0.504
2024-07-18 16:53:26+00:00,usd_mxn,17.75,17.84,0.504
2024-07-18 16:53:27+00:00,usd_mxn,17.75,17.84,0.504
2024-07-18 16:53:28+00:00,usd_mxn,17.75,17.84,0.504
2024-07-18 16:53:29+00:00,usd_mxn,17.75,17.84,0.504
2024-07-18 16:53:30+00:00,usd_mxn,17.75,17.84,0.504
2024-07-18 16:53:31+00:00,usd_mxn,17.75,17.84,0.504
2024-07-18 16:53:32+00:00,usd_mxn,17.75,17.84,0.504
2024-07-18 16:53:33+00:00,usd_mxn,17.75,17.84,0.504
2024-07-18 16:53:34+00:00,usd_mxn,17.75,17.84,0.504
2024-07-18 16:53:35+00:00,usd_mxn,17.75,17.84,0.504
2024-07-18 16:53:36+00:00,usd_mxn,17.75,17.84,0.504
2024-07-18 16:53:37+00:00,usd_mxn,17.75,17.84,0.504
2024-07-18 16:53:38+00:00,usd_mxn,17.75,17.84,0.504
2024-07-18 16:53:39+00:00,usd_mxn,17.75,17.84,0.504
2024-07-18 16:53:40+00:00,usd_mxn,17.75,17.84,0.504
2024-07-18 16:53:41+00:00,usd_mxn,17.75,17.84,0.504
2024-07-18 16:53:42+00:00,usd_mxn,17.75,17.84,0.504
2024-07-18 16:53:43+00:00,usd_mxn,17.75,17.84,0.504
2024-07-18 16:53:44+00:00,usd_mxn,17.75,17.84,0.504
2024-07-18 16:53:45+00:00,usd_mxn,17.75,17.84,0.504
2024-07-18 16:53:46+00:00,usd_mxn,17.75,17.84,0.504
2024-07-18 16:53:47+00:00,usd_mxn,17.75,17.84,0.504
2024-07-18 16:53:48+00:00,usd_mxn,17.75,17.84,0.504
2024-07-18 16:53:49+00:00,usd_mxn,17.75,17.84,0.504
2024-07-18 16:53:50+00:00,usd_mxn,17.75,17.84,0.504
2024-07-18 16:53:51+00:00,usd_mxn,17.75,17.84,0.504
2024-07-18 16:53:52+00:00,usd_mxn,17.75,17.84,0.504
2024-07-18 16:53:53+00:00,usd_mxn,17.75,17.84,0.504
2024-07-18 16:53:54+00:00,usd_mxn,17.75,17.84,0.504
2024-07-18 16:53:55+00:00,usd_mxn,17.75,17.84,0.504
2024-07-18 16:53:56+00:00,usd_mxn,17.75,17.84,0.504
2024-07-18 16:53:57+00:00,usd_mxn,17.75,17.84,0.504
2024-07-18 16:53:58+00:00,usd_mxn,17.75,17.84,0.504
2024-07-18 16:53:59+00:00,usd_mxn,17.75,17.84,0.504
2024-07-18 16:54:00+00:00,usd_mxn,17.75,17.84,0.504
2024-07-18 16:54:01+00:00,usd_mxn,17.75,17.84,0.504
2024-07-18 16:54:02+00:00,usd_mxn,17.75,17.84,0.504
2024-07-18 16:54:03+00:00,usd_mxn,17.75,17.84,0.504
2024-07-18 16:54:04+00:00,usd_mxn,17.75,17.84,0.504
2024-07-18 16:54:05+00:00,usd_mxn,17.75,17.84,0.504
2024-07-18 16:54:06+00:00,usd_mxn,17.75,17.84,0.504
2024-07-18 16:54:07+00:00,usd_mxn,17.74,17.84,0.561
2024-07-18 16:54:08+00:00,usd_mxn,17.74,17.84,0.561
2024-07-18 16:54:09+00:00,usd_mxn,17.74,17.84,0.561
2024-07-18 16:54:10+00:00,usd_mxn,17.74,17.84,0.561
2024-07-18 16:54:11+00:00,usd_mxn,17.74,17.84,0.561
2024-07-18 16:54:12+00:00,usd_mxn,17.74,17.84,0.561
2024-07-18 16:54:13+00:00,usd_mxn,17.74,17.84,0.561
2024-07-18 16:54:14+00:00,usd_mxn,17.74,17.84,0.561
2024-07-18 16:54:15+00:00,usd_mxn,17.75,17.84,0.504
2024-07-18 16:54:16+00:00,usd_mxn,17.81,17.84,0.168
2024-07-18 16:54:17+00:00,usd_mxn,17.81,17.84,0.168
2024-07-18 16:54:18+00:00,usd_mxn,17.81,17.84,0.168
2024-07-18 16:54:19+00:00,usd_mxn,17.81,17.84,0.168
2024-07-18 16:54:20+00:00,usd_mxn,17.81,17.84,0.168
2024-07-18 16:54:21+00:00,usd_mxn,17.81,17.84,0.168
2024-07-18 16:54:22+00:00,usd_mxn,17.81,17.84,0.168
2024-07-18 16:54:23+00:00,usd_mxn,17.81,17.84,0.168
2024-07-18 16:54:24+00:00,usd_mxn,17.81,17.84,0.168
2024-07-18 16:54:25+00:00,usd_mxn,17.81,17.84,0.168
2024-07-18 16:54:26+00:00,usd_mxn,17.81,17.84,0.168
2024-07-18 16:54:28+00:00,usd_mxn,17.81,17.84,0.168
2024-07-18 16:54:29+00:00,usd_mxn,17.81,17.84,0.168
2024-07-18 16:54:30+00:00,usd_mxn,17.81,17.84,0.168
2024-07-18 16:54:31+00:00,usd_mxn,17.81,17.84,0.168
2024-07-18 16:54:32+00:00,usd_mxn,17.81,17.84,0.168
2024-07-18 16:54:33+00:00,usd_mxn,17.81,17.84,0.168
2024-07-18 16:54:34+00:00,usd_mxn,17.81,17.84,0.168
2024-07-18 16:54:35+00:00,usd_mxn,17.81,17.84,0.168
2024-07-18 16:54:36+00:00,usd_mxn,17.81,17.84,0.168
2024-07-18 16:54:37+00:00,usd_mxn,17.81,17.84,0.168
2024-07-18 16:54:38+00:00,usd_mxn,17.81,17.84,0.168
2024-07-18 16:54:39+00:00,usd_mxn,17.81,17.84,0.168
2024-07-18 16:54:40+00:00,usd_mxn,17.81,17.84,0.168
2024-07-18 16:54:41+00:00,usd_mxn,17.81,17.84,0.168
2024-07-18 16:54:42+00:00,usd_mxn,17.81,17.84,0.168
2024-07-18 16:54:43+00:00,usd_mxn,17.81,17.84,0.168
2024-07-18 16:54:44+00:00,usd_mxn,17.81,17.84,0.168
2024-07-18 16:54:45+00:00,usd_mxn,17.81,17.84,0.168
2024-07-18 16:54:46+00:00,usd_mxn,17.81,17.84,0.168
2024-07-18 16:54:47+00:00,usd_mxn,17.81,17.84,0.168
2024-07-18 16:54:48+00:00,usd_mxn,17.81,17.84,0.168
2024-07-18 16:54:49+00:00,usd_mxn,17.81,17.84,0.168
2024-07-18 16:54:50+00:00,usd_mxn,17.81,17.84,0.168
2024-07-18 16:54:51+00:00,usd_mxn,17.81,17.84,0.168
2024-07-18 16:54:52+00:00,usd_mxn,17.81,17.84,0.168
2024-07-18 16:54:53+00:00,usd_mxn,17.81,17.84,0.168
2024-07-18 16:54:54+00:00,usd_mxn,17.81,17.84,0.168
2024-07-18 16:54:55+00:00,usd_mxn,17.81,17.84,0.168
2024-07-18 16:54:56+00:00,usd_mxn,17.81,17.84,0.168
2024-07-18 16:54:57+00:00,usd_mxn,17.81,17.84,0.168
2024-07-18 16:54:58+00:00,usd_mxn,17.81,17.84,0.168
2024-07-18 16:54:59+00:00,usd_mxn,17.81,17.84,0.168
2024-07-18 16:55:00+00:00,usd_mxn,17.81,17.84,0.168
2024-07-18 16:55:01+00:00,usd_mxn,17.81,17.84,0.168
2024-07-18 16:55:02+00:00,usd_mxn,17.81,17.84,0.168
2024-07-18 16:55:03+00:00,usd_mxn,17.81,17.84,0.168
2024-07-18 16:55:04+00:00,usd_mxn,17.81,17.84,0.168
2024-07-18 16:55:05+00:00,usd_mxn,17.81,17.84,0.168
2024-07-18 16:55:06+00:00,usd_mxn,17.81,17.84,0.168
2024-07-18 16:55:07+00:00,usd_mxn,17.81,17.84,0.168
2024-07-18 16:55:08+00:00,usd_mxn,17.81,17.84,0.168
2024-07-18 16:55:09+00:00,usd_mxn,17.81,17.84,0.168
2024-07-18 16:55:10+00:00,usd_mxn,17.81,17.84,0.168
2024-07-18 16:55:11+00:00,usd_mxn,17.81,17.84,0.168
2024-07-18 16:55:12+00:00,usd_mxn,17.81,17.84,0.168
2024-07-18 16:55:13+00:00,usd_mxn,17.81,17.84,0.168
2024-07-18 16:55:14+00:00,usd_mxn,17.81,17.84,0.168
2024-07-18 16:55:15+00:00,usd_mxn,17.81,17.84,0.168
2024-07-18 16:55:16+00:00,usd_mxn,17.81,17.84,0.168
2024-07-18 16:55:17+00:00,usd_mxn,17.81,17.84,0.168
2024-07-18 16:55:18+00:00,usd_mxn,17.81,17.84,0.168
2024-07-18 16:55:19+00:00,usd_mxn,17.74,17.84,0.561
2024-07-18 16:55:21+00:00,usd_mxn,17.74,17.84,0.561
2024-07-18 16:55:21+00:00,usd_mxn,17.74,17.84,0.561
2024-07-18 16:55:22+00:00,usd_mxn,17.74,17.84,0.561
2024-07-18 16:55:23+00:00,usd_mxn,17.74,17.84,0.561
2024-07-18 16:55:24+00:00,usd_mxn,17.74,17.84,0.561
2024-07-18 16:55:25+00:00,usd_mxn,17.74,17.84,0.561
2024-07-18 16:55:26+00:00,usd_mxn,17.74,17.84,0.561
2024-07-18 16:55:27+00:00,usd_mxn,17.74,17.84,0.561
2024-07-18 16:55:29+00:00,usd_mxn,17.74,17.84,0.561
2024-07-18 16:55:29+00:00,usd_mxn,17.74,17.84,0.561
2024-07-18 16:55:30+00:00,usd_mxn,17.74,17.84,0.561
2024-07-18 16:55:31+00:00,usd_mxn,17.74,17.84,0.561
2024-07-18 16:55:32+00:00,usd_mxn,17.74,17.84,0.561
2024-07-18 16:55:34+00:00,usd_mxn,17.74,17.84,0.561
2024-07-18 16:55:35+00:00,usd_mxn,17.74,17.84,0.561
2024-07-18 16:55:36+00:00,usd_mxn,17.74,17.84,0.561
2024-07-18 16:55:37+00:00,usd_mxn,17.74,17.84,0.561
2024-07-18 16:55:38+00:00,usd_mxn,17.74,17.84,0.561
2024-07-18 16:55:39+00:00,usd_mxn,17.74,17.84,0.561
2024-07-18 16:55:40+00:00,usd_mxn,17.74,17.84,0.561
2024-07-18 16:55:41+00:00,usd_mxn,17.74,17.84,0.561
2024-07-18 16:55:42+00:00,usd_mxn,17.74,17.84,0.561
2024-07-18 16:55:43+00:00,usd_mxn,17.74,17.84,0.561
2024-07-18 16:55:44+00:00,usd_mxn,17.74,17.84,0.561
2024-07-18 16:55:45+00:00,usd_mxn,17.74,17.84,0.561
2024-07-18 16:55:46+00:00,usd_mxn,17.74,17.84,0.561
2024-07-18 16:55:47+00:00,usd_mxn,17.74,17.84,0.561
2024-07-18 16:55:48+00:00,usd_mxn,17.74,17.84,0.561
2024-07-18 16:55:49+00:00,usd_mxn,17.74,17.84,0.561
2024-07-18 16:55:50+00:00,usd_mxn,17.74,17.84,0.561
2024-07-18 16:55:51+00:00,usd_mxn,17.74,17.84,0.561
2024-07-18 16:55:52+00:00,usd_mxn,17.74,17.84,0.561
2024-07-18 16:55:53+00:00,usd_mxn,17.74,17.84,0.561
2024-07-18 16:55:54+00:00,usd_mxn,17.74,17.84,0.561
2024-07-18 16:55:55+00:00,usd_mxn,17.74,17.84,0.561
2024-07-18 16:55:56+00:00,usd_mxn,17.74,17.84,0.561
2024-07-18 16:55:57+00:00,usd_mxn,17.74,17.84,0.561
2024-07-18 16:55:58+00:00,usd_mxn,17.74,17.84,0.561
2024-07-18 16:55:59+00:00,usd_mxn,17.74,17.84,0.561
2024-07-18 16:56:00+00:00,usd_mxn,17.74,17.84,0.561
2024-07-18 16:56:01+00:00,usd_mxn,17.74,17.84,0.561
2024-07-18 16:56:02+00:00,usd_mxn,17.74,17.84,0.561
2024-07-18 16:56:03+00:00,usd_mxn,17.74,17.84,0.561
2024-07-18 16:56:04+00:00,usd_mxn,17.74,17.84,0.561
2024-07-18 16:56:05+00:00,usd_mxn,17.74,17.84,0.561
2024-07-18 16:56:06+00:00,usd_mxn,17.74,17.84,0.561
2024-07-18 16:56:07+00:00,usd_mxn,17.74,17.84,0.561
2024-07-18 16:56:08+00:00,usd_mxn,17.74,17.84,0.561
2024-07-18 16:56:09+00:00,usd_mxn,17.74,17.84,0.561
2024-07-18 16:56:10+00:00,usd_mxn,17.74,17.84,0.561
2024-07-18 16:56:11+00:00,usd_mxn,17.74,17.84,0.561
2024-07-18 16:56:12+00:00,usd_mxn,17.74,17.84,0.561
2024-07-18 16:56:13+00:00,usd_mxn,17.74,17.84,0.561
2024-07-18 16:56:14+00:00,usd_mxn,17.74,17.84,0.561
2024-07-18 16:56:15+00:00,usd_mxn,17.74,17.84,0.561
2024-07-18 16:56:16+00:00,usd_mxn,17.74,17.84,0.561
2024-07-18 16:56:17+00:00,usd_mxn,17.74,17.84,0.561
2024-07-18 16:56:18+00:00,usd_mxn,17.74,17.84,0.561
2024-07-18 16:56:19+00:00,usd_mxn,17.74,17.84,0.561
2024-07-18 16:56:20+00:00,usd_mxn,17.74,17.84,0.561
2024-07-18 16:56:21+00:00,usd_mxn,17.74,17.84,0.561
2024-07-18 16:56:22+00:00,usd_mxn,17.74,17.84,0.561
2024-07-18 16:56:23+00:00,usd_mxn,17.74,17.84,0.561
2024-07-18 16:56:24+00:00,usd_mxn,17.74,17.84,0.561
2024-07-18 16:56:25+00:00,usd_mxn,17.74,17.84,0.561
2024-07-18 16:56:26+00:00,usd_mxn,17.74,17.84,0.561
2024-07-18 16:56:27+00:00,usd_mxn,17.74,17.84,0.561
2024-07-18 16:56:28+00:00,usd_mxn,17.74,17.84,0.561
2024-07-18 16:56:29+00:00,usd_mxn,17.74,17.84,0.561
2024-07-18 16:56:30+00:00,usd_mxn,17.74,17.84,0.561
2024-07-18 16:56:32+00:00,usd_mxn,17.74,17.84,0.561
2024-07-18 16:56:33+00:00,usd_mxn,17.74,17.84,0.561
2024-07-18 16:56:34+00:00,usd_mxn,17.74,17.84,0.561
2024-07-18 16:56:35+00:00,usd_mxn,17.74,17.84,0.561
2024-07-18 16:56:36+00:00,usd_mxn,17.74,17.84,0.561
2024-07-18 16:56:37+00:00,usd_mxn,17.74,17.84,0.561
2024-07-18 16:56:38+00:00,usd_mxn,17.74,17.84,0.561
2024-07-18 16:56:39+00:00,usd_mxn,17.74,17.84,0.561
2024-07-18 16:56:40+00:00,usd_mxn,17.74,17.84,0.561
2024-07-18 16:56:41+00:00,usd_mxn,17.74,17.84,0.561
2024-07-18 16:56:42+00:00,usd_mxn,17.74,17.84,0.561
2024-07-18 16:56:43+00:00,usd_mxn,17.74,17.84,0.561
2024-07-18 16:56:44+00:00,usd_mxn,17.74,17.84,0.561
2024-07-18 16:56:45+00:00,usd_mxn,17.74,17.84,0.561
2024-07-18 16:56:46+00:00,usd_mxn,17.74,17.84,0.561
2024-07-18 16:56:47+00:00,usd_mxn,17.74,17.84,0.561
2024-07-18 16:56:48+00:00,usd_mxn,17.74,17.84,0.561
2024-07-18 16:56:49+00:00,usd_mxn,17.74,17.84,0.561
2024-07-18 16:56:50+00:00,usd_mxn,17.74,17.84,0.561
2024-07-18 16:56:51+00:00,usd_mxn,17.74,17.84,0.561
2024-07-18 16:56:52+00:00,usd_mxn,17.74,17.84,0.561
2024-07-18 16:56:53+00:00,usd_mxn,17.74,17.84,0.561
2024-07-18 16:56:54+00:00,usd_mxn,17.74,17.84,0.561
2024-07-18 16:56:55+00:00,usd_mxn,17.74,17.84,0.561
2024-07-18 16:56:56+00:00,usd_mxn,17.74,17.84,0.561
2024-07-18 16:56:57+00:00,usd_mxn,17.74,17.84,0.561
2024-07-18 16:56:58+00:00,usd_mxn,17.74,17.84,0.561
2024-07-18 16:56:59+00:00,usd_mxn,17.74,17.84,0.561
2024-07-18 16:57:00+00:00,usd_mxn,17.74,17.84,0.561
2024-07-18 16:57:01+00:00,usd_mxn,17.74,17.84,0.561
2024-07-18 16:57:02+00:00,usd_mxn,17.74,17.84,0.561
2024-07-18 16:57:03+00:00,usd_mxn,17.74,17.84,0.561
2024-07-18 16:57:04+00:00,usd_mxn,17.74,17.84,0.561
2024-07-18 16:57:05+00:00,usd_mxn,17.74,17.84,0.561
2024-07-18 16:57:06+00:00,usd_mxn,17.74,17.84,0.561
2024-07-18 16:57:07+00:00,usd_mxn,17.86,17.89,0.168
2024-07-18 16:57:08+00:00,usd_mxn,17.86,17.89,0.168
2024-07-18 16:57:09+00:00,usd_mxn,17.86,17.89,0.168
2024-07-18 16:57:10+00:00,usd_mxn,17.86,17.89,0.168
2024-07-18 16:57:11+00:00,usd_mxn,17.86,17.89,0.168
2024-07-18 16:57:12+00:00,usd_mxn,17.86,17.89,0.168
2024-07-18 16:57:13+00:00,usd_mxn,17.86,17.89,0.168
2024-07-18 16:57:15+00:00,usd_mxn,17.87,17.89,0.112
2024-07-18 16:57:15+00:00,usd_mxn,17.87,17.89,0.112
2024-07-18 16:57:16+00:00,usd_mxn,17.87,17.89,0.112
2024-07-18 16:57:17+00:00,usd_mxn,17.87,17.89,0.112
2024-07-18 16:57:18+00:00,usd_mxn,17.87,17.89,0.112
2024-07-18 16:57:19+00:00,usd_mxn,17.87,17.89,0.112
2024-07-18 16:57:20+00:00,usd_mxn,17.87,17.89,0.112
2024-07-18 16:57:21+00:00,usd_mxn,17.87,17.89,0.112
2024-07-18 16:57:22+00:00,usd_mxn,17.87,17.89,0.112
2024-07-18 16:57:23+00:00,usd_mxn,17.87,17.89,0.112
2024-07-18 16:57:24+00:00,usd_mxn,17.87,17.89,0.112
2024-07-18 16:57:25+00:00,usd_mxn,17.87,17.89,0.112
2024-07-18 16:57:26+00:00,usd_mxn,17.87,17.89,0.112
2024-07-18 16:57:28+00:00,usd_mxn,17.87,17.89,0.112
2024-07-18 16:57:28+00:00,usd_mxn,17.87,17.89,0.112
2024-07-18 16:57:29+00:00,usd_mxn,17.87,17.89,0.112
2024-07-18 16:57:30+00:00,usd_mxn,17.87,17.89,0.112
2024-07-18 16:57:32+00:00,usd_mxn,17.87,17.89,0.112
2024-07-18 16:57:32+00:00,usd_mxn,17.87,17.89,0.112
2024-07-18 16:57:34+00:00,usd_mxn,17.87,17.89,0.112
2024-07-18 16:57:35+00:00,usd_mxn,17.87,17.89,0.112
2024-07-18 16:57:36+00:00,usd_mxn,17.87,17.89,0.112
2024-07-18 16:57:37+00:00,usd_mxn,17.87,17.89,0.112
2024-07-18 16:57:38+00:00,usd_mxn,17.87,17.89,0.112
2024-07-18 16:57:39+00:00,usd_mxn,17.87,17.89,0.112
2024-07-18 16:57:40+00:00,usd_mxn,17.87,17.89,0.112
2024-07-18 16:57:41+00:00,usd_mxn,17.87,17.89,0.112
2024-07-18 16:57:42+00:00,usd_mxn,17.87,17.89,0.112
2024-07-18 16:57:43+00:00,usd_mxn,17.87,17.89,0.112
2024-07-18 16:57:44+00:00,usd_mxn,17.87,17.89,0.112
2024-07-18 16:57:45+00:00,usd_mxn,17.87,17.89,0.112
2024-07-18 16:57:46+00:00,usd_mxn,17.87,17.89,0.112
2024-07-18 16:57:47+00:00,usd_mxn,17.87,17.89,0.112
2024-07-18 16:57:48+00:00,usd_mxn,17.87,17.89,0.112
2024-07-18 16:57:49+00:00,usd_mxn,17.87,17.89,0.112
2024-07-18 16:57:50+00:00,usd_mxn,17.87,17.89,0.112
2024-07-18 16:57:51+00:00,usd_mxn,17.87,17.89,0.112
2024-07-18 16:57:52+00:00,usd_mxn,17.87,17.89,0.112
2024-07-18 16:57:53+00:00,usd_mxn,17.87,17.89,0.112
2024-07-18 16:57:54+00:00,usd_mxn,17.87,17.89,0.112
2024-07-18 16:57:55+00:00,usd_mxn,17.87,17.89,0.112
2024-07-18 16:57:56+00:00,usd_mxn,17.87,17.89,0.112
2024-07-18 16:57:57+00:00,usd_mxn,17.87,17.89,0.112
2024-07-18 16:57:58+00:00,usd_mxn,17.87,17.89,0.112
2024-07-18 16:57:59+00:00,usd_mxn,17.87,17.89,0.112
2024-07-18 16:58:00+00:00,usd_mxn,17.87,17.89,0.112
2024-07-18 16:58:01+00:00,usd_mxn,17.87,17.89,0.112
2024-07-18 16:58:02+00:00,usd_mxn,17.87,17.89,0.112
2024-07-18 16:58:03+00:00,usd_mxn,17.87,17.89,0.112
2024-07-18 16:58:04+00:00,usd_mxn,17.87,17.89,0.112
2024-07-18 16:58:05+00:00,usd_mxn,17.87,17.89,0.112
2024-07-18 16:58:06+00:00,usd_mxn,17.87,17.89,0.112
2024-07-18 16:58:07+00:00,usd_mxn,17.87,17.89,0.112
2024-07-18 16:58:08+00:00,usd_mxn,17.87,17.89,0.112
2024-07-18 16:58:09+00:00,usd_mxn,17.87,17.89,0.112
2024-07-18 16:58:10+00:00,usd_mxn,17.87,17.89,0.112
2024-07-18 16:58:11+00:00,usd_mxn,17.87,17.89,0.112
2024-07-18 16:58:12+00:00,usd_mxn,17.87,17.89,0.112
2024-07-18 16:58:13+00:00,usd_mxn,17.87,17.89,0.112
2024-07-18 16:58:14+00:00,usd_mxn,17.87,17.89,0.112
2024-07-18 16:58:15+00:00,usd_mxn,17.87,17.89,0.112
2024-07-18 16:58:16+00:00,usd_mxn,17.87,17.89,0.112
2024-07-18 16:58:17+00:00,usd_mxn,17.87,17.89,0.112
2024-07-18 16:58:18+00:00,usd_mxn,17.87,17.89,0.112
2024-07-18 16:58:19+00:00,usd_mxn,17.87,17.89,0.112
2024-07-18 16:58:20+00:00,usd_mxn,17.87,17.89,0.112
2024-07-18 16:58:21+00:00,usd_mxn,17.87,17.89,0.112
2024-07-18 16:58:22+00:00,usd_mxn,17.87,17.89,0.112
2024-07-18 16:58:23+00:00,usd_mxn,17.87,17.89,0.112
2024-07-18 16:58:24+00:00,usd_mxn,17.87,17.89,0.112
2024-07-18 16:58:25+00:00,usd_mxn,17.87,17.89,0.112
2024-07-18 16:58:26+00:00,usd_mxn,17.87,17.89,0.112
2024-07-18 16:58:27+00:00,usd_mxn,17.87,17.89,0.112
2024-07-18 16:58:28+00:00,usd_mxn,17.87,17.89,0.112
2024-07-18 16:58:29+00:00,usd_mxn,17.87,17.89,0.112
2024-07-18 16:58:30+00:00,usd_mxn,17.87,17.89,0.112
2024-07-18 16:58:31+00:00,usd_mxn,17.87,17.89,0.112
2024-07-18 16:58:32+00:00,usd_mxn,17.87,17.89,0.112
2024-07-18 16:58:33+00:00,usd_mxn,17.87,17.89,0.112
2024-07-18 16:58:34+00:00,usd_mxn,17.87,17.89,0.112
2024-07-18 16:58:35+00:00,usd_mxn,17.87,17.89,0.112
2024-07-18 16:58:36+00:00,usd_mxn,17.87,17.89,0.112
2024-07-18 16:58:37+00:00,usd_mxn,17.87,17.89,0.112
2024-07-18 16:58:38+00:00,usd_mxn,17.87,17.89,0.112
2024-07-18 16:58:39+00:00,usd_mxn,17.87,17.89,0.112
2024-07-18 16:58:40+00:00,usd_mxn,17.87,17.89,0.112
2024-07-18 16:58:41+00:00,usd_mxn,17.87,17.89,0.112
2024-07-18 16:58:42+00:00,usd_mxn,17.87,17.89,0.112
2024-07-18 16:58:43+00:00,usd_mxn,17.87,17.89,0.112
2024-07-18 16:58:44+00:00,usd_mxn,17.87,17.89,0.112
2024-07-18 16:58:45+00:00,usd_mxn,17.87,17.89,0.112
2024-07-18 16:58:47+00:00,usd_mxn,17.87,17.89,0.112
2024-07-18 16:58:47+00:00,usd_mxn,17.87,17.89,0.112
2024-07-18 16:58:49+00:00,usd_mxn,17.87,17.89,0.112
2024-07-18 16:58:50+00:00,usd_mxn,17.87,17.89,0.112
2024-07-18 16:58:51+00:00,usd_mxn,17.87,17.89,0.112
2024-07-18 16:58:52+00:00,usd_mxn,17.87,17.89,0.112
2024-07-18 16:58:53+00:00,usd_mxn,17.87,17.89,0.112
2024-07-18 16:58:54+00:00,usd_mxn,17.87,17.89,0.112
2024-07-18 16:58:55+00:00,usd_mxn,17.87,17.89,0.112
2024-07-18 16:58:56+00:00,usd_mxn,17.87,17.89,0.112
2024-07-18 16:58:57+00:00,usd_mxn,17.87,17.89,0.112
2024-07-18 16:58:58+00:00,usd_mxn,17.87,17.89,0.112
2024-07-18 16:58:59+00:00,usd_mxn,17.87,17.89,0.112
2024-07-18 16:59:00+00:00,usd_mxn,17.87,17.89,0.112
2024-07-18 16:59:01+00:00,usd_mxn,17.87,17.89,0.112
2024-07-18 16:59:02+00:00,usd_mxn,17.87,17.89,0.112
2024-07-18 16:59:03+00:00,usd_mxn,17.87,17.89,0.112
2024-07-18 16:59:04+00:00,usd_mxn,17.87,17.89,0.112
2024-07-18 16:59:05+00:00,usd_mxn,17.87,17.89,0.112
2024-07-18 16:59:06+00:00,usd_mxn,17.87,17.89,0.112
2024-07-18 16:59:07+00:00,usd_mxn,17.87,17.89,0.112
2024-07-18 16:59:08+00:00,usd_mxn,17.87,17.89,0.112
2024-07-18 16:59:09+00:00,usd_mxn,17.87,17.89,0.112
2024-07-18 16:59:10+00:00,usd_mxn,17.87,17.89,0.112
2024-07-18 16:59:11+00:00,usd_mxn,17.87,17.89,0.112
2024-07-18 16:59:12+00:00,usd_mxn,17.87,17.89,0.112
2024-07-18 16:59:13+00:00,usd_mxn,17.87,17.89,0.112
2024-07-18 16:59:14+00:00,usd_mxn,17.87,17.89,0.112
2024-07-18 16:59:15+00:00,usd_mxn,17.87,17.89,0.112
2024-07-18 16:59:16+00:00,usd_mxn,17.87,17.89,0.112
2024-07-18 16:59:17+00:00,usd_mxn,17.87,17.89,0.112
2024-07-18 16:59:18+00:00,usd_mxn,17.87,17.89,0.112
2024-07-18 16:59:19+00:00,usd_mxn,17.87,17.89,0.112
2024-07-18 16:59:20+00:00,usd_mxn,17.87,17.89,0.112
2024-07-18 16:59:21+00:00,usd_mxn,17.87,17.89,0.112
2024-07-18 16:59:22+00:00,usd_mxn,17.87,17.89,0.112
2024-07-18 16:59:23+00:00,usd_mxn,17.87,17.89,0.112
2024-07-18 16:59:25+00:00,usd_mxn,17.88,17.89,0.056
2024-07-18 16:59:25+00:00,usd_mxn,17.88,17.89,0.056
2024-07-18 16:59:26+00:00,usd_mxn,17.88,17.89,0.056
2024-07-18 16:59:27+00:00,usd_mxn,17.88,17.89,0.056
2024-07-18 16:59:28+00:00,usd_mxn,17.87,17.89,0.112
2024-07-18 16:59:29+00:00,usd_mxn,17.87,17.89,0.112
2024-07-18 16:59:30+00:00,usd_mxn,17.87,17.89,0.112
2024-07-18 16:59:31+00:00,usd_mxn,17.87,17.89,0.112
2024-07-18 16:59:32+00:00,usd_mxn,17.87,17.89,0.112
2024-07-18 16:59:33+00:00,usd_mxn,17.87,17.89,0.112
2024-07-18 16:59:34+00:00,usd_mxn,17.87,17.89,0.112
2024-07-18 16:59:35+00:00,usd_mxn,17.87,17.89,0.112
2024-07-18 16:59:36+00:00,usd_mxn,17.87,17.89,0.112
2024-07-18 16:59:37+00:00,usd_mxn,17.87,17.89,0.112
2024-07-18 16:59:38+00:00,usd_mxn,17.87,17.89,0.112
2024-07-18 16:59:39+00:00,usd_mxn,17.87,17.89,0.112
2024-07-18 16:59:40+00:00,usd_mxn,17.87,17.89,0.112
2024-07-18 16:59:41+00:00,usd_mxn,17.87,17.89,0.112
2024-07-18 16:59:42+00:00,usd_mxn,17.87,17.89,0.112
2024-07-18 16:59:43+00:00,usd_mxn,17.87,17.89,0.112
2024-07-18 16:59:44+00:00,usd_mxn,17.87,17.89,0.112
2024-07-18 16:59:45+00:00,usd_mxn,17.87,17.89,0.112
2024-07-18 16:59:46+00:00,usd_mxn,17.87,17.89,0.112
2024-07-18 16:59:48+00:00,usd_mxn,17.87,17.89,0.112
2024-07-18 16:59:49+00:00,usd_mxn,17.87,17.89,0.112
2024-07-18 16:59:50+00:00,usd_mxn,17.87,17.89,0.112
2024-07-18 16:59:50+00:00,usd_mxn,17.87,17.89,0.112
2024-07-18 16:59:51+00:00,usd_mxn,17.87,17.89,0.112
2024-07-18 16:59:53+00:00,usd_mxn,17.87,17.89,0.112
2024-07-18 16:59:53+00:00,usd_mxn,17.87,17.89,0.112
2024-07-18 16:59:55+00:00,usd_mxn,17.87,17.89,0.112
2024-07-18 16:59:56+00:00,usd_mxn,17.87,17.89,0.112
2024-07-18 16:59:57+00:00,usd_mxn,17.87,17.89,0.112
2024-07-18 16:59:58+00:00,usd_mxn,17.87,17.89,0.112
2024-07-18 16:59:59+00:00,usd_mxn,17.87,17.89,0.112
2024-07-18 17:00:00+00:00,usd_mxn,17.87,17.89,0.112
2024-07-18 17:00:01+00:00,usd_mxn,17.87,17.89,0.112
2024-07-18 17:00:02+00:00,usd_mxn,17.87,17.89,0.112
2024-07-18 17:00:03+00:00,usd_mxn,17.87,17.89,0.112
2024-07-18 17:00:04+00:00,usd_mxn,17.87,17.89,0.112
2024-07-18 17:00:05+00:00,usd_mxn,17.87,17.89,0.112
2024-07-18 17:00:06+00:00,usd_mxn,17.87,17.89,0.112
2024-07-18 17:00:07+00:00,usd_mxn,17.87,17.89,0.112
2024-07-18 17:00:08+00:00,usd_mxn,17.87,17.89,0.112
2024-07-18 17:00:09+00:00,usd_mxn,17.87,17.89,0.112
2024-07-18 17:00:10+00:00,usd_mxn,17.88,17.89,0.056
2024-07-18 17:00:11+00:00,usd_mxn,17.88,17.89,0.056
2024-07-18 17:00:12+00:00,usd_mxn,17.88,17.89,0.056
2024-07-18 17:00:13+00:00,usd_mxn,17.88,17.89,0.056
2024-07-18 17:00:15+00:00,usd_mxn,17.88,17.89,0.056
2024-07-18 17:00:15+00:00,usd_mxn,17.88,17.89,0.056
2024-07-18 17:00:16+00:00,usd_mxn,17.88,17.89,0.056
2024-07-18 17:00:17+00:00,usd_mxn,17.88,17.89,0.056
2024-07-18 17:00:18+00:00,usd_mxn,17.88,17.89,0.056
2024-07-18 17:00:19+00:00,usd_mxn,17.88,17.89,0.056
2024-07-18 17:00:20+00:00,usd_mxn,17.88,17.89,0.056
2024-07-18 17:00:21+00:00,usd_mxn,17.88,17.89,0.056
2024-07-18 17:00:22+00:00,usd_mxn,17.88,17.89,0.056
2024-07-18 17:00:23+00:00,usd_mxn,17.88,17.89,0.056
2024-07-18 17:00:24+00:00,usd_mxn,17.88,17.89,0.056
2024-07-18 17:00:26+00:00,usd_mxn,17.88,17.89,0.056
2024-07-18 17:00:26+00:00,usd_mxn,17.88,17.89,0.056
2024-07-18 17:00:27+00:00,usd_mxn,17.88,17.89,0.056
2024-07-18 17:00:28+00:00,usd_mxn,17.88,17.89,0.056
2024-07-18 17:00:29+00:00,usd_mxn,17.88,17.89,0.056
2024-07-18 17:00:30+00:00,usd_mxn,17.88,17.89,0.056
2024-07-18 17:00:31+00:00,usd_mxn,17.88,17.89,0.056
2024-07-18 17:00:32+00:00,usd_mxn,17.88,17.89,0.056
2024-07-18 17:00:33+00:00,usd_mxn,17.88,17.89,0.056
2024-07-18 17:00:34+00:00,usd_mxn,17.88,17.89,0.056
2024-07-18 17:00:35+00:00,usd_mxn,17.88,17.89,0.056
2024-07-18 17:00:36+00:00,usd_mxn,17.88,17.89,0.056
2024-07-18 17:00:37+00:00,usd_mxn,17.88,17.89,0.056
2024-07-18 17:00:38+00:00,usd_mxn,17.88,17.89,0.056
2024-07-18 17:00:39+00:00,usd_mxn,17.88,17.89,0.056
2024-07-18 17:00:40+00:00,usd_mxn,17.88,17.89,0.056
2024-07-18 17:00:41+00:00,usd_mxn,17.88,17.89,0.056
2024-07-18 17:00:42+00:00,usd_mxn,17.88,17.89,0.056
2024-07-18 17:00:43+00:00,usd_mxn,17.88,17.89,0.056
2024-07-18 17:00:44+00:00,usd_mxn,17.88,17.89,0.056
2024-07-18 17:00:45+00:00,usd_mxn,17.88,17.89,0.056
2024-07-18 17:00:46+00:00,usd_mxn,17.88,17.89,0.056
2024-07-18 17:00:47+00:00,usd_mxn,17.88,17.89,0.056
2024-07-18 17:00:48+00:00,usd_mxn,17.88,17.89,0.056
2024-07-18 17:00:49+00:00,usd_mxn,17.88,17.89,0.056
2024-07-18 17:00:50+00:00,usd_mxn,17.88,17.89,0.056
2024-07-18 17:00:51+00:00,usd_mxn,17.88,17.89,0.056
2024-07-18 17:00:52+00:00,usd_mxn,17.88,17.89,0.056
2024-07-18 17:00:53+00:00,usd_mxn,17.88,17.89,0.056
2024-07-18 17:00:54+00:00,usd_mxn,17.88,17.89,0.056
2024-07-18 17:00:55+00:00,usd_mxn,17.88,17.89,0.056
2024-07-18 17:00:56+00:00,usd_mxn,17.88,17.89,0.056
2024-07-18 17:00:58+00:00,usd_mxn,17.88,17.89,0.056
2024-07-18 17:00:58+00:00,usd_mxn,17.88,17.89,0.056
2024-07-18 17:01:00+00:00,usd_mxn,17.88,17.89,0.056
2024-07-18 17:01:01+00:00,usd_mxn,17.88,17.89,0.056
2024-07-18 17:01:01+00:00,usd_mxn,17.88,17.89,0.056
2024-07-18 17:01:02+00:00,usd_mxn,17.88,17.89,0.056
2024-07-18 17:01:04+00:00,usd_mxn,17.88,17.89,0.056
2024-07-18 17:01:04+00:00,usd_mxn,17.88,17.89,0.056
2024-07-18 17:01:05+00:00,usd_mxn,17.88,17.92,0.223
2024-07-18 17:01:07+00:00,usd_mxn,17.88,17.92,0.223
2024-07-18 17:01:08+00:00,usd_mxn,17.88,17.9,0.112
2024-07-18 17:01:09+00:00,usd_mxn,17.88,17.9,0.112
2024-07-18 17:01:10+00:00,usd_mxn,17.88,17.9,0.112
2024-07-18 17:01:11+00:00,usd_mxn,17.88,17.9,0.112
2024-07-18 17:01:12+00:00,usd_mxn,17.88,17.9,0.112
2024-07-18 17:01:13+00:00,usd_mxn,17.88,17.9,0.112
2024-07-18 17:01:14+00:00,usd_mxn,17.88,17.9,0.112
2024-07-18 17:01:15+00:00,usd_mxn,17.88,17.9,0.112
2024-07-18 17:01:16+00:00,usd_mxn,17.88,17.9,0.112
2024-07-18 17:01:17+00:00,usd_mxn,17.88,17.9,0.112
2024-07-18 17:01:18+00:00,usd_mxn,17.88,17.9,0.112
2024-07-18 17:01:19+00:00,usd_mxn,17.88,17.9,0.112
2024-07-18 17:01:20+00:00,usd_mxn,17.88,17.9,0.112
2024-07-18 17:01:21+00:00,usd_mxn,17.88,17.9,0.112
2024-07-18 17:01:22+00:00,usd_mxn,17.88,17.9,0.112
2024-07-18 17:01:23+00:00,usd_mxn,17.88,17.9,0.112
2024-07-18 17:01:24+00:00,usd_mxn,17.88,17.9,0.112
2024-07-18 17:01:25+00:00,usd_mxn,17.88,17.9,0.112
2024-07-18 17:01:26+00:00,usd_mxn,17.88,17.9,0.112
2024-07-18 17:01:27+00:00,usd_mxn,17.88,17.9,0.112
2024-07-18 17:01:28+00:00,usd_mxn,17.88,17.9,0.112
2024-07-18 17:01:29+00:00,usd_mxn,17.88,17.9,0.112
2024-07-18 17:01:30+00:00,usd_mxn,17.88,17.9,0.112
2024-07-18 17:01:31+00:00,usd_mxn,17.88,17.9,0.112
2024-07-18 17:01:32+00:00,usd_mxn,17.88,17.9,0.112
2024-07-18 17:01:33+00:00,usd_mxn,17.88,17.9,0.112
2024-07-18 17:01:34+00:00,usd_mxn,17.88,17.9,0.112
2024-07-18 17:01:35+00:00,usd_mxn,17.88,17.9,0.112
2024-07-18 17:01:36+00:00,usd_mxn,17.88,17.9,0.112
2024-07-18 17:01:37+00:00,usd_mxn,17.88,17.9,0.112
2024-07-18 17:01:38+00:00,usd_mxn,17.88,17.9,0.112
2024-07-18 17:01:39+00:00,usd_mxn,17.88,17.9,0.112
2024-07-18 17:01:40+00:00,usd_mxn,17.88,17.9,0.112
2024-07-18 17:01:41+00:00,usd_mxn,17.88,17.9,0.112
2024-07-18 17:01:43+00:00,usd_mxn,17.88,17.9,0.112
2024-07-18 17:01:43+00:00,usd_mxn,17.88,17.9,0.112
2024-07-18 17:01:44+00:00,usd_mxn,17.88,17.9,0.112
2024-07-18 17:01:45+00:00,usd_mxn,17.88,17.9,0.112
2024-07-18 17:01:46+00:00,usd_mxn,17.88,17.9,0.112
2024-07-18 17:01:47+00:00,usd_mxn,17.88,17.9,0.112
2024-07-18 17:01:48+00:00,usd_mxn,17.88,17.9,0.112
2024-07-18 17:01:49+00:00,usd_mxn,17.88,17.9,0.112
2024-07-18 17:01:50+00:00,usd_mxn,17.88,17.9,0.112
2024-07-18 17:01:51+00:00,usd_mxn,17.88,17.9,0.112
2024-07-18 17:01:52+00:00,usd_mxn,17.88,17.9,0.112
2024-07-18 17:01:53+00:00,usd_mxn,17.88,17.9,0.112
2024-07-18 17:01:54+00:00,usd_mxn,17.88,17.9,0.112
2024-07-18 17:01:55+00:00,usd_mxn,17.88,17.9,0.112
2024-07-18 17:01:56+00:00,usd_mxn,17.88,17.9,0.112
2024-07-18 17:01:57+00:00,usd_mxn,17.88,17.9,0.112
2024-07-18 17:01:59+00:00,usd_mxn,17.88,17.9,0.112
2024-07-18 17:01:59+00:00,usd_mxn,17.88,17.9,0.112
2024-07-18 17:02:01+00:00,usd_mxn,17.88,17.9,0.112
2024-07-18 17:02:02+00:00,usd_mxn,17.88,17.9,0.112
2024-07-18 17:02:03+00:00,usd_mxn,17.88,17.9,0.112
2024-07-18 17:02:04+00:00,usd_mxn,17.88,17.9,0.112
2024-07-18 17:02:05+00:00,usd_mxn,17.88,17.9,0.112
2024-07-18 17:02:06+00:00,usd_mxn,17.88,17.9,0.112
2024-07-18 17:02:07+00:00,usd_mxn,17.88,17.9,0.112
2024-07-18 17:02:08+00:00,usd_mxn,17.88,17.9,0.112
2024-07-18 17:02:09+00:00,usd_mxn,17.88,17.9,0.112
2024-07-18 17:02:10+00:00,usd_mxn,17.88,17.9,0.112
2024-07-18 17:02:11+00:00,usd_mxn,17.88,17.9,0.112
2024-07-18 17:02:12+00:00,usd_mxn,17.88,17.9,0.112
2024-07-18 17:02:13+00:00,usd_mxn,17.88,17.9,0.112
2024-07-18 17:02:14+00:00,usd_mxn,17.88,17.9,0.112
2024-07-18 17:02:15+00:00,usd_mxn,17.88,17.9,0.112
2024-07-18 17:02:16+00:00,usd_mxn,17.88,17.9,0.112
2024-07-18 17:02:17+00:00,usd_mxn,17.88,17.9,0.112
2024-07-18 17:02:18+00:00,usd_mxn,17.88,17.9,0.112
2024-07-18 17:02:19+00:00,usd_mxn,17.88,17.9,0.112
2024-07-18 17:02:20+00:00,usd_mxn,17.88,17.9,0.112
2024-07-18 17:02:21+00:00,usd_mxn,17.88,17.9,0.112
2024-07-18 17:02:22+00:00,usd_mxn,17.88,17.9,0.112
2024-07-18 17:02:23+00:00,usd_mxn,17.88,17.9,0.112
2024-07-18 17:02:24+00:00,usd_mxn,17.88,17.9,0.112
2024-07-18 17:02:25+00:00,usd_mxn,17.88,17.9,0.112
2024-07-18 17:02:26+00:00,usd_mxn,17.88,17.9,0.112
2024-07-18 17:02:27+00:00,usd_mxn,17.88,17.9,0.112
2024-07-18 17:02:28+00:00,usd_mxn,17.88,17.9,0.112
2024-07-18 17:02:29+00:00,usd_mxn,17.88,17.9,0.112
2024-07-18 17:02:30+00:00,usd_mxn,17.88,17.9,0.112
2024-07-18 17:02:31+00:00,usd_mxn,17.88,17.9,0.112
2024-07-18 17:02:32+00:00,usd_mxn,17.88,17.9,0.112
2024-07-18 17:02:33+00:00,usd_mxn,17.88,17.9,0.112
2024-07-18 17:02:35+00:00,usd_mxn,17.88,17.9,0.112
2024-07-18 17:02:35+00:00,usd_mxn,17.88,17.9,0.112
2024-07-18 17:02:36+00:00,usd_mxn,17.88,17.9,0.112
2024-07-18 17:02:37+00:00,usd_mxn,17.88,17.9,0.112
2024-07-18 17:02:38+00:00,usd_mxn,17.88,17.9,0.112
2024-07-18 17:02:39+00:00,usd_mxn,17.88,17.9,0.112
2024-07-18 17:02:40+00:00,usd_mxn,17.88,17.9,0.112
2024-07-18 17:02:41+00:00,usd_mxn,17.88,17.9,0.112
2024-07-18 17:02:42+00:00,usd_mxn,17.88,17.9,0.112
2024-07-18 17:02:43+00:00,usd_mxn,17.88,17.9,0.112
2024-07-18 17:02:44+00:00,usd_mxn,17.88,17.9,0.112
2024-07-18 17:02:45+00:00,usd_mxn,17.88,17.9,0.112
2024-07-18 17:02:46+00:00,usd_mxn,17.88,17.9,0.112
2024-07-18 17:02:47+00:00,usd_mxn,17.88,17.9,0.112
2024-07-18 17:02:48+00:00,usd_mxn,17.88,17.9,0.112
2024-07-18 17:02:49+00:00,usd_mxn,17.88,17.9,0.112
2024-07-18 17:02:50+00:00,usd_mxn,17.88,17.9,0.112
2024-07-18 17:02:51+00:00,usd_mxn,17.88,17.9,0.112
2024-07-18 17:02:52+00:00,usd_mxn,17.88,17.9,0.112
2024-07-18 17:02:53+00:00,usd_mxn,17.88,17.9,0.112
2024-07-18 17:02:55+00:00,usd_mxn,17.88,17.9,0.112
2024-07-18 17:02:56+00:00,usd_mxn,17.88,17.9,0.112
2024-07-18 17:02:57+00:00,usd_mxn,17.88,17.9,0.112
2024-07-18 17:02:58+00:00,usd_mxn,17.88,17.9,0.112
2024-07-18 17:02:59+00:00,usd_mxn,17.88,17.9,0.112
2024-07-18 17:03:00+00:00,usd_mxn,17.88,17.9,0.112
2024-07-18 17:03:01+00:00,usd_mxn,17.88,17.9,0.112
2024-07-18 17:03:02+00:00,usd_mxn,17.88,17.9,0.112
2024-07-18 17:03:03+00:00,usd_mxn,17.88,17.9,0.112
2024-07-18 17:03:04+00:00,usd_mxn,17.88,17.9,0.112
2024-07-18 17:03:05+00:00,usd_mxn,17.88,17.9,0.112
2024-07-18 17:03:06+00:00,usd_mxn,17.88,17.9,0.112
2024-07-18 17:03:07+00:00,usd_mxn,17.88,17.9,0.112
2024-07-18 17:03:08+00:00,usd_mxn,17.88,17.9,0.112
2024-07-18 17:03:09+00:00,usd_mxn,17.88,17.9,0.112
2024-07-18 17:03:10+00:00,usd_mxn,17.88,17.9,0.112
2024-07-18 17:03:11+00:00,usd_mxn,17.88,17.9,0.112
2024-07-18 17:03:12+00:00,usd_mxn,17.88,17.9,0.112
2024-07-18 17:03:13+00:00,usd_mxn,17.88,17.9,0.112
2024-07-18 17:03:14+00:00,usd_mxn,17.88,17.9,0.112
2024-07-18 17:03:15+00:00,usd_mxn,17.88,17.9,0.112
2024-07-18 17:03:16+00:00,usd_mxn,17.88,17.9,0.112
2024-07-18 17:03:17+00:00,usd_mxn,17.88,17.9,0.112
2024-07-18 17:03:18+00:00,usd_mxn,17.88,17.9,0.112
2024-07-18 17:03:19+00:00,usd_mxn,17.88,17.9,0.112
2024-07-18 17:03:20+00:00,usd_mxn,17.88,17.9,0.112
2024-07-18 17:03:21+00:00,usd_mxn,17.88,17.9,0.112
2024-07-18 17:03:22+00:00,usd_mxn,17.88,17.9,0.112
2024-07-18 17:03:23+00:00,usd_mxn,17.89,17.9,0.056
2024-07-18 17:03:24+00:00,usd_mxn,17.89,17.9,0.056
2024-07-18 17:03:25+00:00,usd_mxn,17.89,17.9,0.056
