orderbook_timestamp,book,bid,ask,spread
2024-07-17 17:38:26+00:00,usd_mxn,17.71,17.74,0.169
2024-07-17 17:38:27+00:00,usd_mxn,17.71,17.74,0.169
2024-07-17 17:38:28+00:00,usd_mxn,17.71,17.74,0.169
2024-07-17 17:38:29+00:00,usd_mxn,17.71,17.74,0.169
2024-07-17 17:38:30+00:00,usd_mxn,17.71,17.74,0.169
2024-07-17 17:38:31+00:00,usd_mxn,17.71,17.74,0.169
2024-07-17 17:38:32+00:00,usd_mxn,17.71,17.74,0.169
2024-07-17 17:38:33+00:00,usd_mxn,17.71,17.74,0.169
2024-07-17 17:38:34+00:00,usd_mxn,17.71,17.74,0.169
2024-07-17 17:38:35+00:00,usd_mxn,17.71,17.74,0.169
2024-07-17 17:38:36+00:00,usd_mxn,17.71,17.74,0.169
2024-07-17 17:38:37+00:00,usd_mxn,17.71,17.74,0.169
2024-07-17 17:38:38+00:00,usd_mxn,17.71,17.74,0.169
2024-07-17 17:38:39+00:00,usd_mxn,17.71,17.74,0.169
2024-07-17 17:38:40+00:00,usd_mxn,17.71,17.74,0.169
2024-07-17 17:38:41+00:00,usd_mxn,17.71,17.74,0.169
2024-07-17 17:38:42+00:00,usd_mxn,17.71,17.74,0.169
2024-07-17 17:38:43+00:00,usd_mxn,17.71,17.74,0.169
2024-07-17 17:38:44+00:00,usd_mxn,17.71,17.74,0.169
2024-07-17 17:38:45+00:00,usd_mxn,17.71,17.74,0.169
2024-07-17 17:38:46+00:00,usd_mxn,17.71,17.74,0.169
2024-07-17 17:38:47+00:00,usd_mxn,17.71,17.74,0.169
2024-07-17 17:38:48+00:00,usd_mxn,17.71,17.74,0.169
2024-07-17 17:38:49+00:00,usd_mxn,17.71,17.74,0.169
2024-07-17 17:38:50+00:00,usd_mxn,17.71,17.74,0.169
2024-07-17 17:38:51+00:00,usd_mxn,17.71,17.74,0.169
2024-07-17 17:38:52+00:00,usd_mxn,17.71,17.74,0.169
2024-07-17 17:38:53+00:00,usd_mxn,17.71,17.74,0.169
2024-07-17 17:38:54+00:00,usd_mxn,17.71,17.74,0.169
2024-07-17 17:38:55+00:00,usd_mxn,17.71,17.74,0.169
2024-07-17 17:38:56+00:00,usd_mxn,17.71,17.74,0.169
2024-07-17 17:38:57+00:00,usd_mxn,17.71,17.74,0.169
2024-07-17 17:38:58+00:00,usd_mxn,17.71,17.74,0.169
2024-07-17 17:38:59+00:00,usd_mxn,17.71,17.74,0.169
2024-07-17 17:39:00+00:00,usd_mxn,17.71,17.74,0.169
2024-07-17 17:39:01+00:00,usd_mxn,17.71,17.74,0.169
2024-07-17 17:39:02+00:00,usd_mxn,17.71,17.74,0.169
2024-07-17 17:39:04+00:00,usd_mxn,17.71,17.74,0.169
2024-07-17 17:39:05+00:00,usd_mxn,17.71,17.74,0.169
2024-07-17 17:39:06+00:00,usd_mxn,17.71,17.74,0.169
2024-07-17 17:39:07+00:00,usd_mxn,17.71,17.74,0.169
2024-07-17 17:39:08+00:00,usd_mxn,17.71,17.74,0.169
2024-07-17 17:39:09+00:00,usd_mxn,17.71,17.74,0.169
2024-07-17 17:39:10+00:00,usd_mxn,17.71,17.74,0.169
2024-07-17 17:39:11+00:00,usd_mxn,17.71,17.74,0.169
2024-07-17 17:39:12+00:00,usd_mxn,17.71,17.74,0.169
2024-07-17 17:39:13+00:00,usd_mxn,17.71,17.74,0.169
2024-07-17 17:39:14+00:00,usd_mxn,17.71,17.74,0.169
2024-07-17 17:39:15+00:00,usd_mxn,17.71,17.74,0.169
2024-07-17 17:39:16+00:00,usd_mxn,17.71,17.74,0.169
2024-07-17 17:39:17+00:00,usd_mxn,17.71,17.74,0.169
2024-07-17 17:39:18+00:00,usd_mxn,17.71,17.74,0.169
2024-07-17 17:39:19+00:00,usd_mxn,17.71,17.74,0.169
2024-07-17 17:39:20+00:00,usd_mxn,17.71,17.74,0.169
2024-07-17 17:39:21+00:00,usd_mxn,17.71,17.74,0.169
2024-07-17 17:39:22+00:00,usd_mxn,17.71,17.74,0.169
2024-07-17 17:39:23+00:00,usd_mxn,17.71,17.74,0.169
2024-07-17 17:39:24+00:00,usd_mxn,17.71,17.74,0.169
2024-07-17 17:39:25+00:00,usd_mxn,17.71,17.72,0.056
2024-07-17 17:39:26+00:00,usd_mxn,17.71,17.72,0.056
2024-07-17 17:39:27+00:00,usd_mxn,17.71,17.72,0.056
2024-07-17 17:39:28+00:00,usd_mxn,17.71,17.72,0.056
2024-07-17 17:39:29+00:00,usd_mxn,17.71,17.72,0.056
2024-07-17 17:39:30+00:00,usd_mxn,17.71,17.72,0.056
2024-07-17 17:39:31+00:00,usd_mxn,17.71,17.72,0.056
2024-07-17 17:39:32+00:00,usd_mxn,17.71,17.72,0.056
2024-07-17 17:39:33+00:00,usd_mxn,17.71,17.72,0.056
2024-07-17 17:39:34+00:00,usd_mxn,17.71,17.72,0.056
2024-07-17 17:39:35+00:00,usd_mxn,17.71,17.72,0.056
2024-07-17 17:39:36+00:00,usd_mxn,17.71,17.72,0.056
2024-07-17 17:39:37+00:00,usd_mxn,17.71,17.72,0.056
2024-07-17 17:39:38+00:00,usd_mxn,17.71,17.72,0.056
2024-07-17 17:39:39+00:00,usd_mxn,17.71,17.72,0.056
2024-07-17 17:39:40+00:00,usd_mxn,17.71,17.72,0.056
2024-07-17 17:39:41+00:00,usd_mxn,17.71,17.72,0.056
2024-07-17 17:39:42+00:00,usd_mxn,17.71,17.72,0.056
2024-07-17 17:39:43+00:00,usd_mxn,17.71,17.72,0.056
2024-07-17 17:39:44+00:00,usd_mxn,17.71,17.72,0.056
2024-07-17 17:39:45+00:00,usd_mxn,17.71,17.72,0.056
2024-07-17 17:39:46+00:00,usd_mxn,17.71,17.72,0.056
2024-07-17 17:39:47+00:00,usd_mxn,17.71,17.72,0.056
2024-07-17 17:39:48+00:00,usd_mxn,17.71,17.72,0.056
2024-07-17 17:39:49+00:00,usd_mxn,17.71,17.72,0.056
2024-07-17 17:39:50+00:00,usd_mxn,17.71,17.72,0.056
2024-07-17 17:39:51+00:00,usd_mxn,17.71,17.72,0.056
2024-07-17 17:39:52+00:00,usd_mxn,17.71,17.72,0.056
2024-07-17 17:39:53+00:00,usd_mxn,17.71,17.72,0.056
2024-07-17 17:39:54+00:00,usd_mxn,17.71,17.72,0.056
2024-07-17 17:39:55+00:00,usd_mxn,17.71,17.72,0.056
2024-07-17 17:39:56+00:00,usd_mxn,17.71,17.72,0.056
2024-07-17 17:39:57+00:00,usd_mxn,17.71,17.72,0.056
2024-07-17 17:39:58+00:00,usd_mxn,17.71,17.72,0.056
2024-07-17 17:39:59+00:00,usd_mxn,17.71,17.72,0.056
2024-07-17 17:40:00+00:00,usd_mxn,17.71,17.72,0.056
2024-07-17 17:40:01+00:00,usd_mxn,17.71,17.72,0.056
2024-07-17 17:40:02+00:00,usd_mxn,17.71,17.72,0.056
2024-07-17 17:40:03+00:00,usd_mxn,17.71,17.72,0.056
2024-07-17 17:40:04+00:00,usd_mxn,17.71,17.72,0.056
2024-07-17 17:40:05+00:00,usd_mxn,17.71,17.72,0.056
2024-07-17 17:40:06+00:00,usd_mxn,17.71,17.72,0.056
2024-07-17 17:40:07+00:00,usd_mxn,17.71,17.72,0.056
2024-07-17 17:40:08+00:00,usd_mxn,17.71,17.72,0.056
2024-07-17 17:40:10+00:00,usd_mxn,17.71,17.72,0.056
2024-07-17 17:40:11+00:00,usd_mxn,17.71,17.72,0.056
2024-07-17 17:40:12+00:00,usd_mxn,17.71,17.72,0.056
2024-07-17 17:40:13+00:00,usd_mxn,17.71,17.74,0.169
2024-07-17 17:40:14+00:00,usd_mxn,17.71,17.74,0.169
2024-07-17 17:40:15+00:00,usd_mxn,17.71,17.74,0.169
2024-07-17 17:40:16+00:00,usd_mxn,17.71,17.74,0.169
2024-07-17 17:40:17+00:00,usd_mxn,17.71,17.74,0.169
2024-07-17 17:40:18+00:00,usd_mxn,17.71,17.74,0.169
2024-07-17 17:40:19+00:00,usd_mxn,17.71,17.74,0.169
2024-07-17 17:40:20+00:00,usd_mxn,17.71,17.74,0.169
2024-07-17 17:40:21+00:00,usd_mxn,17.71,17.72,0.056
2024-07-17 17:40:22+00:00,usd_mxn,17.71,17.72,0.056
2024-07-17 17:40:23+00:00,usd_mxn,17.71,17.72,0.056
2024-07-17 17:40:24+00:00,usd_mxn,17.71,17.72,0.056
2024-07-17 17:40:25+00:00,usd_mxn,17.71,17.72,0.056
2024-07-17 17:40:26+00:00,usd_mxn,17.71,17.72,0.056
2024-07-17 17:40:27+00:00,usd_mxn,17.71,17.72,0.056
2024-07-17 17:40:28+00:00,usd_mxn,17.71,17.72,0.056
2024-07-17 17:40:29+00:00,usd_mxn,17.71,17.72,0.056
2024-07-17 17:40:30+00:00,usd_mxn,17.71,17.72,0.056
2024-07-17 17:40:31+00:00,usd_mxn,17.71,17.72,0.056
2024-07-17 17:40:32+00:00,usd_mxn,17.71,17.72,0.056
2024-07-17 17:40:33+00:00,usd_mxn,17.71,17.72,0.056
2024-07-17 17:40:34+00:00,usd_mxn,17.71,17.72,0.056
2024-07-17 17:40:35+00:00,usd_mxn,17.71,17.72,0.056
2024-07-17 17:40:36+00:00,usd_mxn,17.71,17.72,0.056
2024-07-17 17:40:37+00:00,usd_mxn,17.71,17.72,0.056
2024-07-17 17:40:38+00:00,usd_mxn,17.71,17.72,0.056
2024-07-17 17:40:39+00:00,usd_mxn,17.71,17.72,0.056
2024-07-17 17:40:40+00:00,usd_mxn,17.71,17.72,0.056
2024-07-17 17:40:41+00:00,usd_mxn,17.71,17.72,0.056
2024-07-17 17:40:42+00:00,usd_mxn,17.71,17.72,0.056
2024-07-17 17:40:44+00:00,usd_mxn,17.71,17.72,0.056
2024-07-17 17:40:44+00:00,usd_mxn,17.71,17.72,0.056
2024-07-17 17:40:45+00:00,usd_mxn,17.71,17.72,0.056
2024-07-17 17:40:46+00:00,usd_mxn,17.71,17.72,0.056
2024-07-17 17:40:47+00:00,usd_mxn,17.71,17.72,0.056
2024-07-17 17:40:48+00:00,usd_mxn,17.71,17.72,0.056
2024-07-17 17:40:49+00:00,usd_mxn,17.71,17.72,0.056
2024-07-17 17:40:50+00:00,usd_mxn,17.71,17.72,0.056
2024-07-17 17:40:51+00:00,usd_mxn,17.71,17.72,0.056
2024-07-17 17:40:52+00:00,usd_mxn,17.71,17.72,0.056
2024-07-17 17:40:53+00:00,usd_mxn,17.71,17.72,0.056
2024-07-17 17:40:54+00:00,usd_mxn,17.71,17.72,0.056
2024-07-17 17:40:56+00:00,usd_mxn,17.71,17.72,0.056
2024-07-17 17:40:57+00:00,usd_mxn,17.71,17.72,0.056
2024-07-17 17:40:58+00:00,usd_mxn,17.71,17.72,0.056
2024-07-17 17:40:59+00:00,usd_mxn,17.71,17.72,0.056
2024-07-17 17:41:00+00:00,usd_mxn,17.71,17.72,0.056
2024-07-17 17:41:01+00:00,usd_mxn,17.71,17.72,0.056
2024-07-17 17:41:02+00:00,usd_mxn,17.71,17.72,0.056
2024-07-17 17:41:03+00:00,usd_mxn,17.71,17.72,0.056
2024-07-17 17:41:04+00:00,usd_mxn,17.71,17.72,0.056
2024-07-17 17:41:05+00:00,usd_mxn,17.71,17.72,0.056
2024-07-17 17:41:06+00:00,usd_mxn,17.71,17.72,0.056
2024-07-17 17:41:07+00:00,usd_mxn,17.71,17.72,0.056
2024-07-17 17:41:08+00:00,usd_mxn,17.71,17.72,0.056
2024-07-17 17:41:09+00:00,usd_mxn,17.71,17.72,0.056
2024-07-17 17:41:10+00:00,usd_mxn,17.71,17.72,0.056
2024-07-17 17:41:11+00:00,usd_mxn,17.71,17.72,0.056
2024-07-17 17:41:12+00:00,usd_mxn,17.71,17.72,0.056
2024-07-17 17:41:13+00:00,usd_mxn,17.71,17.72,0.056
2024-07-17 17:41:14+00:00,usd_mxn,17.71,17.72,0.056
2024-07-17 17:41:15+00:00,usd_mxn,17.71,17.72,0.056
2024-07-17 17:41:16+00:00,usd_mxn,17.71,17.72,0.056
2024-07-17 17:41:17+00:00,usd_mxn,17.71,17.72,0.056
2024-07-17 17:41:18+00:00,usd_mxn,17.71,17.72,0.056
2024-07-17 17:41:19+00:00,usd_mxn,17.71,17.72,0.056
2024-07-17 17:41:20+00:00,usd_mxn,17.71,17.72,0.056
2024-07-17 17:41:21+00:00,usd_mxn,17.71,17.72,0.056
2024-07-17 17:41:22+00:00,usd_mxn,17.71,17.72,0.056
2024-07-17 17:41:23+00:00,usd_mxn,17.71,17.72,0.056
2024-07-17 17:41:24+00:00,usd_mxn,17.71,17.72,0.056
2024-07-17 17:41:25+00:00,usd_mxn,17.71,17.72,0.056
2024-07-17 17:41:26+00:00,usd_mxn,17.71,17.72,0.056
2024-07-17 17:41:27+00:00,usd_mxn,17.71,17.72,0.056
2024-07-17 17:41:28+00:00,usd_mxn,17.71,17.72,0.056
2024-07-17 17:41:29+00:00,usd_mxn,17.71,17.72,0.056
2024-07-17 17:41:30+00:00,usd_mxn,17.71,17.72,0.056
2024-07-17 17:41:31+00:00,usd_mxn,17.71,17.72,0.056
2024-07-17 17:41:32+00:00,usd_mxn,17.71,17.72,0.056
2024-07-17 17:41:33+00:00,usd_mxn,17.71,17.72,0.056
2024-07-17 17:41:34+00:00,usd_mxn,17.71,17.72,0.056
2024-07-17 17:41:35+00:00,usd_mxn,17.71,17.72,0.056
2024-07-17 17:41:36+00:00,usd_mxn,17.71,17.72,0.056
2024-07-17 17:41:37+00:00,usd_mxn,17.71,17.72,0.056
2024-07-17 17:41:38+00:00,usd_mxn,17.71,17.72,0.056
2024-07-17 17:41:39+00:00,usd_mxn,17.71,17.72,0.056
2024-07-17 17:41:40+00:00,usd_mxn,17.71,17.72,0.056
2024-07-17 17:41:41+00:00,usd_mxn,17.71,17.72,0.056
2024-07-17 17:41:42+00:00,usd_mxn,17.71,17.72,0.056
2024-07-17 17:41:43+00:00,usd_mxn,17.71,17.72,0.056
2024-07-17 17:41:44+00:00,usd_mxn,17.71,17.72,0.056
2024-07-17 17:41:45+00:00,usd_mxn,17.71,17.72,0.056
2024-07-17 17:41:46+00:00,usd_mxn,17.71,17.72,0.056
2024-07-17 17:41:47+00:00,usd_mxn,17.71,17.72,0.056
2024-07-17 17:41:48+00:00,usd_mxn,17.71,17.72,0.056
2024-07-17 17:41:49+00:00,usd_mxn,17.71,17.72,0.056
2024-07-17 17:41:50+00:00,usd_mxn,17.71,17.72,0.056
2024-07-17 17:41:51+00:00,usd_mxn,17.71,17.72,0.056
2024-07-17 17:41:52+00:00,usd_mxn,17.71,17.72,0.056
2024-07-17 17:41:53+00:00,usd_mxn,17.71,17.72,0.056
2024-07-17 17:41:54+00:00,usd_mxn,17.71,17.72,0.056
2024-07-17 17:41:55+00:00,usd_mxn,17.71,17.72,0.056
2024-07-17 17:41:56+00:00,usd_mxn,17.71,17.72,0.056
2024-07-17 17:41:57+00:00,usd_mxn,17.71,17.72,0.056
2024-07-17 17:41:58+00:00,usd_mxn,17.71,17.72,0.056
2024-07-17 17:41:59+00:00,usd_mxn,17.71,17.72,0.056
2024-07-17 17:42:00+00:00,usd_mxn,17.71,17.72,0.056
2024-07-17 17:42:01+00:00,usd_mxn,17.71,17.72,0.056
2024-07-17 17:42:02+00:00,usd_mxn,17.71,17.72,0.056
2024-07-17 17:42:03+00:00,usd_mxn,17.71,17.72,0.056
2024-07-17 17:42:04+00:00,usd_mxn,17.71,17.72,0.056
2024-07-17 17:42:05+00:00,usd_mxn,17.71,17.72,0.056
2024-07-17 17:42:06+00:00,usd_mxn,17.69,17.72,0.169
2024-07-17 17:42:07+00:00,usd_mxn,17.69,17.72,0.169
2024-07-17 17:42:08+00:00,usd_mxn,17.69,17.72,0.169
2024-07-17 17:42:09+00:00,usd_mxn,17.69,17.72,0.169
2024-07-17 17:42:10+00:00,usd_mxn,17.69,17.72,0.169
2024-07-17 17:42:11+00:00,usd_mxn,17.69,17.72,0.169
2024-07-17 17:42:12+00:00,usd_mxn,17.69,17.72,0.169
2024-07-17 17:42:14+00:00,usd_mxn,17.69,17.72,0.169
2024-07-17 17:42:15+00:00,usd_mxn,17.69,17.72,0.169
2024-07-17 17:42:16+00:00,usd_mxn,17.69,17.72,0.169
2024-07-17 17:42:17+00:00,usd_mxn,17.69,17.72,0.169
2024-07-17 17:42:18+00:00,usd_mxn,17.69,17.72,0.169
2024-07-17 17:42:19+00:00,usd_mxn,17.69,17.74,0.282
2024-07-17 17:42:20+00:00,usd_mxn,17.69,17.74,0.282
2024-07-17 17:42:21+00:00,usd_mxn,17.69,17.74,0.282
2024-07-17 17:42:23+00:00,usd_mxn,17.69,17.74,0.282
2024-07-17 17:42:24+00:00,usd_mxn,17.69,17.74,0.282
2024-07-17 17:42:25+00:00,usd_mxn,17.69,17.74,0.282
2024-07-17 17:42:26+00:00,usd_mxn,17.69,17.74,0.282
2024-07-17 17:42:27+00:00,usd_mxn,17.69,17.74,0.282
2024-07-17 17:42:28+00:00,usd_mxn,17.69,17.74,0.282
2024-07-17 17:42:29+00:00,usd_mxn,17.69,17.74,0.282
2024-07-17 17:42:30+00:00,usd_mxn,17.69,17.74,0.282
2024-07-17 17:42:31+00:00,usd_mxn,17.69,17.74,0.282
2024-07-17 17:42:32+00:00,usd_mxn,17.69,17.74,0.282
2024-07-17 17:42:33+00:00,usd_mxn,17.69,17.74,0.282
2024-07-17 17:42:34+00:00,usd_mxn,17.69,17.74,0.282
2024-07-17 17:42:35+00:00,usd_mxn,17.69,17.74,0.282
2024-07-17 17:42:36+00:00,usd_mxn,17.69,17.74,0.282
2024-07-17 17:42:37+00:00,usd_mxn,17.69,17.74,0.282
2024-07-17 17:42:38+00:00,usd_mxn,17.69,17.74,0.282
2024-07-17 17:42:39+00:00,usd_mxn,17.69,17.74,0.282
2024-07-17 17:42:40+00:00,usd_mxn,17.69,17.74,0.282
2024-07-17 17:42:41+00:00,usd_mxn,17.69,17.74,0.282
2024-07-17 17:42:42+00:00,usd_mxn,17.69,17.74,0.282
2024-07-17 17:42:43+00:00,usd_mxn,17.69,17.74,0.282
2024-07-17 17:42:44+00:00,usd_mxn,17.69,17.74,0.282
2024-07-17 17:42:45+00:00,usd_mxn,17.69,17.74,0.282
2024-07-17 17:42:46+00:00,usd_mxn,17.69,17.74,0.282
2024-07-17 17:42:47+00:00,usd_mxn,17.69,17.74,0.282
2024-07-17 17:42:48+00:00,usd_mxn,17.69,17.74,0.282
2024-07-17 17:42:49+00:00,usd_mxn,17.69,17.74,0.282
2024-07-17 17:42:50+00:00,usd_mxn,17.69,17.74,0.282
2024-07-17 17:42:51+00:00,usd_mxn,17.69,17.74,0.282
2024-07-17 17:42:52+00:00,usd_mxn,17.69,17.74,0.282
2024-07-17 17:42:53+00:00,usd_mxn,17.69,17.74,0.282
2024-07-17 17:42:54+00:00,usd_mxn,17.69,17.74,0.282
2024-07-17 17:42:55+00:00,usd_mxn,17.69,17.74,0.282
2024-07-17 17:42:56+00:00,usd_mxn,17.69,17.74,0.282
2024-07-17 17:42:57+00:00,usd_mxn,17.69,17.74,0.282
2024-07-17 17:42:58+00:00,usd_mxn,17.69,17.74,0.282
2024-07-17 17:42:59+00:00,usd_mxn,17.69,17.74,0.282
2024-07-17 17:43:00+00:00,usd_mxn,17.69,17.74,0.282
2024-07-17 17:43:01+00:00,usd_mxn,17.7,17.74,0.225
2024-07-17 17:43:02+00:00,usd_mxn,17.7,17.74,0.225
2024-07-17 17:43:03+00:00,usd_mxn,17.7,17.74,0.225
2024-07-17 17:43:04+00:00,usd_mxn,17.7,17.74,0.225
2024-07-17 17:43:05+00:00,usd_mxn,17.7,17.74,0.225
2024-07-17 17:43:06+00:00,usd_mxn,17.7,17.74,0.225
2024-07-17 17:43:07+00:00,usd_mxn,17.7,17.74,0.225
2024-07-17 17:43:08+00:00,usd_mxn,17.7,17.74,0.225
2024-07-17 17:43:09+00:00,usd_mxn,17.7,17.74,0.225
2024-07-17 17:43:10+00:00,usd_mxn,17.7,17.74,0.225
2024-07-17 17:43:11+00:00,usd_mxn,17.7,17.74,0.225
2024-07-17 17:43:12+00:00,usd_mxn,17.7,17.74,0.225
2024-07-17 17:43:14+00:00,usd_mxn,17.7,17.74,0.225
2024-07-17 17:43:14+00:00,usd_mxn,17.7,17.74,0.225
2024-07-17 17:43:16+00:00,usd_mxn,17.7,17.74,0.225
2024-07-17 17:43:17+00:00,usd_mxn,17.7,17.74,0.225
2024-07-17 17:43:17+00:00,usd_mxn,17.7,17.74,0.225
2024-07-17 17:43:19+00:00,usd_mxn,17.7,17.74,0.225
2024-07-17 17:43:20+00:00,usd_mxn,17.7,17.74,0.225
2024-07-17 17:43:21+00:00,usd_mxn,17.7,17.74,0.225
2024-07-17 17:43:22+00:00,usd_mxn,17.7,17.74,0.225
2024-07-17 17:43:23+00:00,usd_mxn,17.7,17.74,0.225
2024-07-17 17:43:24+00:00,usd_mxn,17.7,17.74,0.225
2024-07-17 17:43:25+00:00,usd_mxn,17.7,17.74,0.225
2024-07-17 17:43:26+00:00,usd_mxn,17.7,17.74,0.225
2024-07-17 17:43:27+00:00,usd_mxn,17.7,17.74,0.225
2024-07-17 17:43:28+00:00,usd_mxn,17.7,17.74,0.225
2024-07-17 17:43:29+00:00,usd_mxn,17.7,17.74,0.225
2024-07-17 17:43:30+00:00,usd_mxn,17.7,17.74,0.225
2024-07-17 17:43:31+00:00,usd_mxn,17.7,17.74,0.225
2024-07-17 17:43:32+00:00,usd_mxn,17.7,17.74,0.225
2024-07-17 17:43:33+00:00,usd_mxn,17.69,17.74,0.282
2024-07-17 17:43:34+00:00,usd_mxn,17.69,17.74,0.282
2024-07-17 17:43:36+00:00,usd_mxn,17.69,17.74,0.282
2024-07-17 17:43:37+00:00,usd_mxn,17.69,17.74,0.282
2024-07-17 17:43:38+00:00,usd_mxn,17.69,17.74,0.282
2024-07-17 17:43:39+00:00,usd_mxn,17.69,17.74,0.282
2024-07-17 17:43:40+00:00,usd_mxn,17.69,17.74,0.282
2024-07-17 17:43:41+00:00,usd_mxn,17.69,17.74,0.282
2024-07-17 17:43:42+00:00,usd_mxn,17.69,17.74,0.282
2024-07-17 17:43:43+00:00,usd_mxn,17.69,17.74,0.282
2024-07-17 17:43:44+00:00,usd_mxn,17.69,17.74,0.282
2024-07-17 17:43:45+00:00,usd_mxn,17.69,17.74,0.282
2024-07-17 17:43:46+00:00,usd_mxn,17.69,17.74,0.282
2024-07-17 17:43:47+00:00,usd_mxn,17.69,17.74,0.282
2024-07-17 17:43:48+00:00,usd_mxn,17.69,17.74,0.282
2024-07-17 17:43:49+00:00,usd_mxn,17.69,17.74,0.282
2024-07-17 17:43:50+00:00,usd_mxn,17.69,17.74,0.282
2024-07-17 17:43:51+00:00,usd_mxn,17.69,17.74,0.282
2024-07-17 17:43:52+00:00,usd_mxn,17.69,17.74,0.282
2024-07-17 17:43:53+00:00,usd_mxn,17.69,17.74,0.282
2024-07-17 17:43:54+00:00,usd_mxn,17.69,17.74,0.282
2024-07-17 17:43:55+00:00,usd_mxn,17.69,17.74,0.282
2024-07-17 17:43:56+00:00,usd_mxn,17.69,17.74,0.282
2024-07-17 17:43:57+00:00,usd_mxn,17.69,17.74,0.282
2024-07-17 17:43:58+00:00,usd_mxn,17.69,17.74,0.282
2024-07-17 17:43:59+00:00,usd_mxn,17.69,17.74,0.282
2024-07-17 17:44:00+00:00,usd_mxn,17.69,17.74,0.282
2024-07-17 17:44:01+00:00,usd_mxn,17.69,17.74,0.282
2024-07-17 17:44:02+00:00,usd_mxn,17.69,17.74,0.282
2024-07-17 17:44:03+00:00,usd_mxn,17.69,17.74,0.282
2024-07-17 17:44:04+00:00,usd_mxn,17.69,17.74,0.282
2024-07-17 17:44:05+00:00,usd_mxn,17.69,17.74,0.282
2024-07-17 17:44:06+00:00,usd_mxn,17.69,17.74,0.282
2024-07-17 17:44:07+00:00,usd_mxn,17.69,17.74,0.282
2024-07-17 17:44:08+00:00,usd_mxn,17.69,17.74,0.282
2024-07-17 17:44:09+00:00,usd_mxn,17.71,17.74,0.169
2024-07-17 17:44:10+00:00,usd_mxn,17.71,17.74,0.169
2024-07-17 17:44:11+00:00,usd_mxn,17.71,17.74,0.169
2024-07-17 17:44:13+00:00,usd_mxn,17.71,17.74,0.169
2024-07-17 17:44:13+00:00,usd_mxn,17.71,17.74,0.169
2024-07-17 17:44:14+00:00,usd_mxn,17.71,17.74,0.169
2024-07-17 17:44:15+00:00,usd_mxn,17.71,17.74,0.169
2024-07-17 17:44:16+00:00,usd_mxn,17.71,17.74,0.169
2024-07-17 17:44:17+00:00,usd_mxn,17.71,17.74,0.169
2024-07-17 17:44:18+00:00,usd_mxn,17.71,17.74,0.169
2024-07-17 17:44:19+00:00,usd_mxn,17.71,17.74,0.169
2024-07-17 17:44:20+00:00,usd_mxn,17.71,17.74,0.169
2024-07-17 17:44:21+00:00,usd_mxn,17.71,17.74,0.169
2024-07-17 17:44:22+00:00,usd_mxn,17.71,17.74,0.169
2024-07-17 17:44:23+00:00,usd_mxn,17.71,17.74,0.169
2024-07-17 17:44:24+00:00,usd_mxn,17.71,17.74,0.169
2024-07-17 17:44:25+00:00,usd_mxn,17.71,17.74,0.169
2024-07-17 17:44:26+00:00,usd_mxn,17.71,17.74,0.169
2024-07-17 17:44:28+00:00,usd_mxn,17.71,17.74,0.169
2024-07-17 17:44:29+00:00,usd_mxn,17.71,17.74,0.169
2024-07-17 17:44:30+00:00,usd_mxn,17.71,17.74,0.169
2024-07-17 17:44:31+00:00,usd_mxn,17.71,17.74,0.169
2024-07-17 17:44:32+00:00,usd_mxn,17.71,17.74,0.169
2024-07-17 17:44:33+00:00,usd_mxn,17.71,17.74,0.169
2024-07-17 17:44:34+00:00,usd_mxn,17.71,17.74,0.169
2024-07-17 17:44:35+00:00,usd_mxn,17.71,17.74,0.169
2024-07-17 17:44:36+00:00,usd_mxn,17.71,17.74,0.169
2024-07-17 17:44:37+00:00,usd_mxn,17.71,17.74,0.169
2024-07-17 17:44:38+00:00,usd_mxn,17.71,17.74,0.169
2024-07-17 17:44:39+00:00,usd_mxn,17.71,17.74,0.169
2024-07-17 17:44:40+00:00,usd_mxn,17.71,17.74,0.169
2024-07-17 17:44:41+00:00,usd_mxn,17.71,17.74,0.169
2024-07-17 17:44:42+00:00,usd_mxn,17.71,17.74,0.169
2024-07-17 17:44:43+00:00,usd_mxn,17.71,17.74,0.169
2024-07-17 17:44:44+00:00,usd_mxn,17.71,17.74,0.169
2024-07-17 17:44:45+00:00,usd_mxn,17.71,17.74,0.169
2024-07-17 17:44:46+00:00,usd_mxn,17.71,17.74,0.169
2024-07-17 17:44:47+00:00,usd_mxn,17.71,17.74,0.169
2024-07-17 17:44:48+00:00,usd_mxn,17.71,17.74,0.169
2024-07-17 17:44:49+00:00,usd_mxn,17.71,17.74,0.169
2024-07-17 17:44:50+00:00,usd_mxn,17.71,17.74,0.169
2024-07-17 17:44:51+00:00,usd_mxn,17.71,17.74,0.169
2024-07-17 17:44:52+00:00,usd_mxn,17.71,17.74,0.169
2024-07-17 17:44:53+00:00,usd_mxn,17.71,17.74,0.169
2024-07-17 17:44:54+00:00,usd_mxn,17.71,17.74,0.169
2024-07-17 17:44:55+00:00,usd_mxn,17.71,17.74,0.169
2024-07-17 17:44:56+00:00,usd_mxn,17.71,17.74,0.169
2024-07-17 17:44:57+00:00,usd_mxn,17.71,17.74,0.169
2024-07-17 17:44:59+00:00,usd_mxn,17.71,17.74,0.169
2024-07-17 17:45:00+00:00,usd_mxn,17.71,17.74,0.169
2024-07-17 17:45:01+00:00,usd_mxn,17.71,17.72,0.056
2024-07-17 17:45:02+00:00,usd_mxn,17.71,17.72,0.056
2024-07-17 17:45:03+00:00,usd_mxn,17.71,17.72,0.056
2024-07-17 17:45:04+00:00,usd_mxn,17.71,17.72,0.056
2024-07-17 17:45:05+00:00,usd_mxn,17.71,17.72,0.056
2024-07-17 17:45:06+00:00,usd_mxn,17.71,17.72,0.056
2024-07-17 17:45:07+00:00,usd_mxn,17.71,17.72,0.056
2024-07-17 17:45:08+00:00,usd_mxn,17.71,17.72,0.056
2024-07-17 17:45:09+00:00,usd_mxn,17.71,17.72,0.056
2024-07-17 17:45:10+00:00,usd_mxn,17.71,17.72,0.056
2024-07-17 17:45:11+00:00,usd_mxn,17.71,17.72,0.056
2024-07-17 17:45:12+00:00,usd_mxn,17.71,17.72,0.056
2024-07-17 17:45:13+00:00,usd_mxn,17.71,17.72,0.056
2024-07-17 17:45:14+00:00,usd_mxn,17.71,17.72,0.056
2024-07-17 17:45:15+00:00,usd_mxn,17.71,17.72,0.056
2024-07-17 17:45:16+00:00,usd_mxn,17.71,17.72,0.056
2024-07-17 17:45:17+00:00,usd_mxn,17.71,17.72,0.056
2024-07-17 17:45:18+00:00,usd_mxn,17.71,17.72,0.056
2024-07-17 17:45:19+00:00,usd_mxn,17.71,17.72,0.056
2024-07-17 17:45:20+00:00,usd_mxn,17.71,17.72,0.056
2024-07-17 17:45:21+00:00,usd_mxn,17.71,17.72,0.056
2024-07-17 17:45:22+00:00,usd_mxn,17.71,17.72,0.056
2024-07-17 17:45:23+00:00,usd_mxn,17.71,17.72,0.056
2024-07-17 17:45:24+00:00,usd_mxn,17.71,17.72,0.056
2024-07-17 17:45:25+00:00,usd_mxn,17.71,17.72,0.056
2024-07-17 17:45:26+00:00,usd_mxn,17.71,17.72,0.056
2024-07-17 17:45:28+00:00,usd_mxn,17.71,17.72,0.056
2024-07-17 17:45:28+00:00,usd_mxn,17.71,17.72,0.056
2024-07-17 17:45:30+00:00,usd_mxn,17.71,17.72,0.056
2024-07-17 17:45:31+00:00,usd_mxn,17.71,17.72,0.056
2024-07-17 17:45:32+00:00,usd_mxn,17.71,17.72,0.056
2024-07-17 17:45:33+00:00,usd_mxn,17.71,17.72,0.056
2024-07-17 17:45:34+00:00,usd_mxn,17.71,17.72,0.056
2024-07-17 17:45:35+00:00,usd_mxn,17.71,17.72,0.056
2024-07-17 17:45:36+00:00,usd_mxn,17.71,17.72,0.056
2024-07-17 17:45:37+00:00,usd_mxn,17.71,17.72,0.056
2024-07-17 17:45:38+00:00,usd_mxn,17.71,17.72,0.056
2024-07-17 17:45:39+00:00,usd_mxn,17.71,17.72,0.056
2024-07-17 17:45:40+00:00,usd_mxn,17.71,17.72,0.056
2024-07-17 17:45:41+00:00,usd_mxn,17.71,17.72,0.056
2024-07-17 17:45:42+00:00,usd_mxn,17.71,17.72,0.056
2024-07-17 17:45:43+00:00,usd_mxn,17.71,17.72,0.056
2024-07-17 17:45:44+00:00,usd_mxn,17.71,17.72,0.056
2024-07-17 17:45:45+00:00,usd_mxn,17.71,17.72,0.056
2024-07-17 17:45:46+00:00,usd_mxn,17.71,17.72,0.056
2024-07-17 17:45:47+00:00,usd_mxn,17.71,17.72,0.056
2024-07-17 17:45:48+00:00,usd_mxn,17.71,17.72,0.056
2024-07-17 17:45:49+00:00,usd_mxn,17.71,17.72,0.056
2024-07-17 17:45:50+00:00,usd_mxn,17.71,17.72,0.056
2024-07-17 17:45:51+00:00,usd_mxn,17.71,17.72,0.056
2024-07-17 17:45:52+00:00,usd_mxn,17.71,17.72,0.056
2024-07-17 17:45:54+00:00,usd_mxn,17.71,17.72,0.056
2024-07-17 17:45:55+00:00,usd_mxn,17.71,17.72,0.056
2024-07-17 17:45:56+00:00,usd_mxn,17.71,17.72,0.056
2024-07-17 17:45:57+00:00,usd_mxn,17.71,17.72,0.056
2024-07-17 17:45:57+00:00,usd_mxn,17.71,17.72,0.056
2024-07-17 17:45:58+00:00,usd_mxn,17.71,17.72,0.056
2024-07-17 17:45:59+00:00,usd_mxn,17.71,17.72,0.056
2024-07-17 17:46:00+00:00,usd_mxn,17.71,17.72,0.056
2024-07-17 17:46:01+00:00,usd_mxn,17.71,17.72,0.056
2024-07-17 17:46:02+00:00,usd_mxn,17.71,17.72,0.056
2024-07-17 17:46:03+00:00,usd_mxn,17.71,17.72,0.056
2024-07-17 17:46:04+00:00,usd_mxn,17.71,17.72,0.056
2024-07-17 17:46:05+00:00,usd_mxn,17.71,17.72,0.056
2024-07-17 17:46:06+00:00,usd_mxn,17.71,17.72,0.056
2024-07-17 17:46:07+00:00,usd_mxn,17.71,17.72,0.056
2024-07-17 17:46:08+00:00,usd_mxn,17.71,17.72,0.056
2024-07-17 17:46:09+00:00,usd_mxn,17.71,17.72,0.056
2024-07-17 17:46:10+00:00,usd_mxn,17.71,17.72,0.056
2024-07-17 17:46:11+00:00,usd_mxn,17.71,17.72,0.056
2024-07-17 17:46:12+00:00,usd_mxn,17.71,17.72,0.056
2024-07-17 17:46:13+00:00,usd_mxn,17.71,17.72,0.056
2024-07-17 17:46:14+00:00,usd_mxn,17.71,17.72,0.056
2024-07-17 17:46:15+00:00,usd_mxn,17.71,17.72,0.056
2024-07-17 17:46:16+00:00,usd_mxn,17.71,17.72,0.056
2024-07-17 17:46:18+00:00,usd_mxn,17.71,17.72,0.056
2024-07-17 17:46:19+00:00,usd_mxn,17.71,17.72,0.056
2024-07-17 17:46:20+00:00,usd_mxn,17.71,17.72,0.056
2024-07-17 17:46:21+00:00,usd_mxn,17.71,17.72,0.056
2024-07-17 17:46:22+00:00,usd_mxn,17.7,17.72,0.113
2024-07-17 17:46:24+00:00,usd_mxn,17.7,17.72,0.113
2024-07-17 17:46:25+00:00,usd_mxn,17.7,17.72,0.113
2024-07-17 17:46:26+00:00,usd_mxn,17.7,17.72,0.113
2024-07-17 17:46:27+00:00,usd_mxn,17.7,17.72,0.113
2024-07-17 17:46:28+00:00,usd_mxn,17.7,17.72,0.113
2024-07-17 17:46:29+00:00,usd_mxn,17.7,17.72,0.113
2024-07-17 17:46:30+00:00,usd_mxn,17.7,17.72,0.113
2024-07-17 17:46:31+00:00,usd_mxn,17.7,17.72,0.113
2024-07-17 17:46:32+00:00,usd_mxn,17.7,17.72,0.113
2024-07-17 17:46:33+00:00,usd_mxn,17.7,17.72,0.113
2024-07-17 17:46:34+00:00,usd_mxn,17.7,17.72,0.113
2024-07-17 17:46:35+00:00,usd_mxn,17.7,17.72,0.113
2024-07-17 17:46:36+00:00,usd_mxn,17.7,17.72,0.113
2024-07-17 17:46:37+00:00,usd_mxn,17.7,17.72,0.113
2024-07-17 17:46:38+00:00,usd_mxn,17.7,17.72,0.113
2024-07-17 17:46:39+00:00,usd_mxn,17.7,17.72,0.113
2024-07-17 17:46:40+00:00,usd_mxn,17.7,17.72,0.113
2024-07-17 17:46:41+00:00,usd_mxn,17.7,17.72,0.113
2024-07-17 17:46:42+00:00,usd_mxn,17.7,17.72,0.113
2024-07-17 17:46:43+00:00,usd_mxn,17.7,17.72,0.113
2024-07-17 17:46:44+00:00,usd_mxn,17.7,17.72,0.113
2024-07-17 17:46:45+00:00,usd_mxn,17.7,17.72,0.113
2024-07-17 17:46:46+00:00,usd_mxn,17.7,17.72,0.113
2024-07-17 17:46:47+00:00,usd_mxn,17.7,17.72,0.113
2024-07-17 17:46:48+00:00,usd_mxn,17.7,17.72,0.113
2024-07-17 17:46:49+00:00,usd_mxn,17.7,17.72,0.113
2024-07-17 17:46:50+00:00,usd_mxn,17.7,17.72,0.113
2024-07-17 17:46:51+00:00,usd_mxn,17.7,17.72,0.113
2024-07-17 17:46:53+00:00,usd_mxn,17.7,17.72,0.113
2024-07-17 17:46:54+00:00,usd_mxn,17.7,17.72,0.113
2024-07-17 17:46:55+00:00,usd_mxn,17.7,17.72,0.113
2024-07-17 17:46:56+00:00,usd_mxn,17.7,17.72,0.113
2024-07-17 17:46:58+00:00,usd_mxn,17.7,17.72,0.113
2024-07-17 17:46:58+00:00,usd_mxn,17.7,17.72,0.113
2024-07-17 17:46:59+00:00,usd_mxn,17.7,17.72,0.113
2024-07-17 17:47:00+00:00,usd_mxn,17.7,17.72,0.113
2024-07-17 17:47:01+00:00,usd_mxn,17.7,17.72,0.113
2024-07-17 17:47:02+00:00,usd_mxn,17.7,17.72,0.113
2024-07-17 17:47:03+00:00,usd_mxn,17.7,17.72,0.113
2024-07-17 17:47:04+00:00,usd_mxn,17.7,17.72,0.113
2024-07-17 17:47:06+00:00,usd_mxn,17.7,17.72,0.113
2024-07-17 17:47:07+00:00,usd_mxn,17.7,17.72,0.113
2024-07-17 17:47:08+00:00,usd_mxn,17.7,17.72,0.113
2024-07-17 17:47:10+00:00,usd_mxn,17.7,17.72,0.113
2024-07-17 17:47:10+00:00,usd_mxn,17.7,17.72,0.113
2024-07-17 17:47:12+00:00,usd_mxn,17.7,17.72,0.113
2024-07-17 17:47:13+00:00,usd_mxn,17.7,17.72,0.113
2024-07-17 17:47:14+00:00,usd_mxn,17.7,17.72,0.113
2024-07-17 17:47:15+00:00,usd_mxn,17.7,17.72,0.113
2024-07-17 17:47:16+00:00,usd_mxn,17.7,17.72,0.113
2024-07-17 17:47:17+00:00,usd_mxn,17.7,17.72,0.113
2024-07-17 17:47:18+00:00,usd_mxn,17.7,17.72,0.113
2024-07-17 17:47:19+00:00,usd_mxn,17.7,17.72,0.113
2024-07-17 17:47:20+00:00,usd_mxn,17.7,17.72,0.113
2024-07-17 17:47:21+00:00,usd_mxn,17.7,17.72,0.113
2024-07-17 17:47:22+00:00,usd_mxn,17.7,17.72,0.113
2024-07-17 17:47:23+00:00,usd_mxn,17.7,17.72,0.113
2024-07-17 17:47:24+00:00,usd_mxn,17.7,17.72,0.113
2024-07-17 17:47:25+00:00,usd_mxn,17.7,17.72,0.113
2024-07-17 17:47:26+00:00,usd_mxn,17.7,17.72,0.113
2024-07-17 17:47:27+00:00,usd_mxn,17.7,17.72,0.113
2024-07-17 17:47:28+00:00,usd_mxn,17.7,17.72,0.113
2024-07-17 17:47:29+00:00,usd_mxn,17.7,17.72,0.113
2024-07-17 17:47:30+00:00,usd_mxn,17.7,17.72,0.113
2024-07-17 17:47:31+00:00,usd_mxn,17.7,17.72,0.113
2024-07-17 17:47:32+00:00,usd_mxn,17.7,17.72,0.113
2024-07-17 17:47:34+00:00,usd_mxn,17.7,17.72,0.113
2024-07-17 17:47:34+00:00,usd_mxn,17.7,17.72,0.113
2024-07-17 17:47:35+00:00,usd_mxn,17.7,17.72,0.113
2024-07-17 17:47:36+00:00,usd_mxn,17.7,17.72,0.113
2024-07-17 17:47:37+00:00,usd_mxn,17.7,17.72,0.113
2024-07-17 17:47:38+00:00,usd_mxn,17.7,17.72,0.113
2024-07-17 17:47:39+00:00,usd_mxn,17.7,17.72,0.113
2024-07-17 17:47:40+00:00,usd_mxn,17.7,17.72,0.113
2024-07-17 17:47:41+00:00,usd_mxn,17.7,17.72,0.113
2024-07-17 17:47:42+00:00,usd_mxn,17.7,17.72,0.113
2024-07-17 17:47:43+00:00,usd_mxn,17.7,17.72,0.113
2024-07-17 17:47:44+00:00,usd_mxn,17.7,17.72,0.113
2024-07-17 17:47:45+00:00,usd_mxn,17.7,17.72,0.113
2024-07-17 17:47:46+00:00,usd_mxn,17.7,17.72,0.113
2024-07-17 17:47:47+00:00,usd_mxn,17.7,17.72,0.113
2024-07-17 17:47:48+00:00,usd_mxn,17.7,17.72,0.113
2024-07-17 17:47:49+00:00,usd_mxn,17.7,17.72,0.113
2024-07-17 17:47:50+00:00,usd_mxn,17.7,17.72,0.113
2024-07-17 17:47:52+00:00,usd_mxn,17.7,17.72,0.113
2024-07-17 17:47:53+00:00,usd_mxn,17.7,17.72,0.113
2024-07-17 17:47:54+00:00,usd_mxn,17.7,17.72,0.113
2024-07-17 17:47:55+00:00,usd_mxn,17.7,17.72,0.113
2024-07-17 17:47:56+00:00,usd_mxn,17.7,17.72,0.113
2024-07-17 17:47:57+00:00,usd_mxn,17.7,17.72,0.113
2024-07-17 17:47:58+00:00,usd_mxn,17.7,17.72,0.113
2024-07-17 17:47:59+00:00,usd_mxn,17.7,17.72,0.113
2024-07-17 17:48:00+00:00,usd_mxn,17.7,17.72,0.113
2024-07-17 17:48:01+00:00,usd_mxn,17.7,17.72,0.113
2024-07-17 17:48:02+00:00,usd_mxn,17.7,17.72,0.113
2024-07-17 17:48:03+00:00,usd_mxn,17.7,17.72,0.113
2024-07-17 17:48:04+00:00,usd_mxn,17.7,17.72,0.113
2024-07-17 17:48:05+00:00,usd_mxn,17.7,17.72,0.113
2024-07-17 17:48:06+00:00,usd_mxn,17.7,17.72,0.113
2024-07-17 17:48:07+00:00,usd_mxn,17.7,17.72,0.113
2024-07-17 17:48:08+00:00,usd_mxn,17.7,17.72,0.113
2024-07-17 17:48:09+00:00,usd_mxn,17.7,17.72,0.113
2024-07-17 17:48:10+00:00,usd_mxn,17.7,17.72,0.113
2024-07-17 17:48:11+00:00,usd_mxn,17.7,17.72,0.113
2024-07-17 17:48:12+00:00,usd_mxn,17.7,17.72,0.113
2024-07-17 17:48:13+00:00,usd_mxn,17.7,17.72,0.113
2024-07-17 17:48:14+00:00,usd_mxn,17.7,17.72,0.113
2024-07-17 17:48:15+00:00,usd_mxn,17.7,17.72,0.113
2024-07-17 17:48:16+00:00,usd_mxn,17.7,17.72,0.113
2024-07-17 17:48:17+00:00,usd_mxn,17.7,17.72,0.113
2024-07-17 17:48:18+00:00,usd_mxn,17.7,17.72,0.113
2024-07-17 17:48:19+00:00,usd_mxn,17.7,17.72,0.113
2024-07-17 17:48:20+00:00,usd_mxn,17.7,17.72,0.113
2024-07-17 17:48:21+00:00,usd_mxn,17.7,17.72,0.113
2024-07-17 17:48:22+00:00,usd_mxn,17.7,17.72,0.113
2024-07-17 17:48:23+00:00,usd_mxn,17.7,17.72,0.113
2024-07-17 17:48:24+00:00,usd_mxn,17.7,17.72,0.113
2024-07-17 17:48:25+00:00,usd_mxn,17.7,17.72,0.113
2024-07-17 17:48:26+00:00,usd_mxn,17.7,17.72,0.113
2024-07-17 17:48:27+00:00,usd_mxn,17.7,17.72,0.113
2024-07-17 17:48:28+00:00,usd_mxn,17.7,17.72,0.113
2024-07-17 17:48:29+00:00,usd_mxn,17.7,17.72,0.113
2024-07-17 17:48:30+00:00,usd_mxn,17.7,17.72,0.113
2024-07-17 17:48:31+00:00,usd_mxn,17.7,17.72,0.113
2024-07-17 17:48:32+00:00,usd_mxn,17.7,17.72,0.113
2024-07-17 17:48:33+00:00,usd_mxn,17.7,17.72,0.113
2024-07-17 17:48:35+00:00,usd_mxn,17.7,17.72,0.113
2024-07-17 17:48:35+00:00,usd_mxn,17.7,17.72,0.113
2024-07-17 17:48:36+00:00,usd_mxn,17.7,17.72,0.113
2024-07-17 17:48:37+00:00,usd_mxn,17.7,17.72,0.113
2024-07-17 17:48:38+00:00,usd_mxn,17.7,17.72,0.113
2024-07-17 17:48:39+00:00,usd_mxn,17.7,17.72,0.113
2024-07-17 17:48:40+00:00,usd_mxn,17.7,17.72,0.113
2024-07-17 17:48:41+00:00,usd_mxn,17.7,17.72,0.113
