orderbook_timestamp,book,bid,ask,spread
2024-07-17 04:02:05+00:00,usd_mxn,17.63,17.65,0.113
2024-07-17 04:02:06+00:00,usd_mxn,17.63,17.65,0.113
2024-07-17 04:02:07+00:00,usd_mxn,17.63,17.65,0.113
2024-07-17 04:02:08+00:00,usd_mxn,17.63,17.65,0.113
2024-07-17 04:02:09+00:00,usd_mxn,17.63,17.65,0.113
2024-07-17 04:02:10+00:00,usd_mxn,17.63,17.65,0.113
2024-07-17 04:02:11+00:00,usd_mxn,17.63,17.65,0.113
2024-07-17 04:02:12+00:00,usd_mxn,17.63,17.65,0.113
2024-07-17 04:02:13+00:00,usd_mxn,17.63,17.65,0.113
2024-07-17 04:02:14+00:00,usd_mxn,17.63,17.65,0.113
2024-07-17 04:02:15+00:00,usd_mxn,17.63,17.65,0.113
2024-07-17 04:02:16+00:00,usd_mxn,17.63,17.65,0.113
2024-07-17 04:02:17+00:00,usd_mxn,17.63,17.65,0.113
2024-07-17 04:02:18+00:00,usd_mxn,17.63,17.65,0.113
2024-07-17 04:02:19+00:00,usd_mxn,17.63,17.65,0.113
2024-07-17 04:02:20+00:00,usd_mxn,17.63,17.65,0.113
2024-07-17 04:02:22+00:00,usd_mxn,17.63,17.65,0.113
2024-07-17 04:02:23+00:00,usd_mxn,17.63,17.65,0.113
2024-07-17 04:02:24+00:00,usd_mxn,17.63,17.65,0.113
2024-07-17 04:02:25+00:00,usd_mxn,17.63,17.65,0.113
2024-07-17 04:02:26+00:00,usd_mxn,17.63,17.65,0.113
2024-07-17 04:02:27+00:00,usd_mxn,17.63,17.65,0.113
2024-07-17 04:02:28+00:00,usd_mxn,17.63,17.65,0.113
2024-07-17 04:02:29+00:00,usd_mxn,17.63,17.65,0.113
2024-07-17 04:02:30+00:00,usd_mxn,17.63,17.65,0.113
2024-07-17 04:02:31+00:00,usd_mxn,17.63,17.65,0.113
2024-07-17 04:02:32+00:00,usd_mxn,17.63,17.65,0.113
2024-07-17 04:02:33+00:00,usd_mxn,17.63,17.65,0.113
2024-07-17 04:02:34+00:00,usd_mxn,17.63,17.65,0.113
2024-07-17 04:02:35+00:00,usd_mxn,17.63,17.65,0.113
2024-07-17 04:02:36+00:00,usd_mxn,17.63,17.65,0.113
2024-07-17 04:02:37+00:00,usd_mxn,17.63,17.65,0.113
2024-07-17 04:02:38+00:00,usd_mxn,17.63,17.65,0.113
2024-07-17 04:02:39+00:00,usd_mxn,17.63,17.65,0.113
2024-07-17 04:02:40+00:00,usd_mxn,17.63,17.65,0.113
2024-07-17 04:02:41+00:00,usd_mxn,17.63,17.65,0.113
2024-07-17 04:02:42+00:00,usd_mxn,17.63,17.65,0.113
2024-07-17 04:02:43+00:00,usd_mxn,17.63,17.65,0.113
2024-07-17 04:02:44+00:00,usd_mxn,17.63,17.65,0.113
2024-07-17 04:02:45+00:00,usd_mxn,17.63,17.65,0.113
2024-07-17 04:02:46+00:00,usd_mxn,17.63,17.65,0.113
2024-07-17 04:02:47+00:00,usd_mxn,17.63,17.65,0.113
2024-07-17 04:02:48+00:00,usd_mxn,17.63,17.65,0.113
2024-07-17 04:02:49+00:00,usd_mxn,17.63,17.65,0.113
2024-07-17 04:02:50+00:00,usd_mxn,17.63,17.65,0.113
2024-07-17 04:02:51+00:00,usd_mxn,17.63,17.65,0.113
2024-07-17 04:02:52+00:00,usd_mxn,17.63,17.65,0.113
2024-07-17 04:02:53+00:00,usd_mxn,17.63,17.65,0.113
2024-07-17 04:02:54+00:00,usd_mxn,17.63,17.65,0.113
2024-07-17 04:02:55+00:00,usd_mxn,17.63,17.65,0.113
2024-07-17 04:02:56+00:00,usd_mxn,17.63,17.65,0.113
2024-07-17 04:02:57+00:00,usd_mxn,17.63,17.65,0.113
2024-07-17 04:02:58+00:00,usd_mxn,17.63,17.65,0.113
2024-07-17 04:02:59+00:00,usd_mxn,17.63,17.65,0.113
2024-07-17 04:03:00+00:00,usd_mxn,17.63,17.65,0.113
2024-07-17 04:03:01+00:00,usd_mxn,17.63,17.65,0.113
2024-07-17 04:03:02+00:00,usd_mxn,17.63,17.65,0.113
2024-07-17 04:03:03+00:00,usd_mxn,17.63,17.65,0.113
2024-07-17 04:03:04+00:00,usd_mxn,17.63,17.65,0.113
2024-07-17 04:03:05+00:00,usd_mxn,17.63,17.65,0.113
2024-07-17 04:03:06+00:00,usd_mxn,17.63,17.65,0.113
2024-07-17 04:03:07+00:00,usd_mxn,17.63,17.65,0.113
2024-07-17 04:03:08+00:00,usd_mxn,17.63,17.65,0.113
2024-07-17 04:03:09+00:00,usd_mxn,17.63,17.65,0.113
2024-07-17 04:03:10+00:00,usd_mxn,17.63,17.65,0.113
2024-07-17 04:03:11+00:00,usd_mxn,17.63,17.65,0.113
2024-07-17 04:03:12+00:00,usd_mxn,17.63,17.65,0.113
2024-07-17 04:03:13+00:00,usd_mxn,17.63,17.65,0.113
2024-07-17 04:03:14+00:00,usd_mxn,17.63,17.65,0.113
2024-07-17 04:03:15+00:00,usd_mxn,17.63,17.65,0.113
2024-07-17 04:03:16+00:00,usd_mxn,17.63,17.65,0.113
2024-07-17 04:03:17+00:00,usd_mxn,17.63,17.65,0.113
2024-07-17 04:03:18+00:00,usd_mxn,17.63,17.65,0.113
2024-07-17 04:03:19+00:00,usd_mxn,17.63,17.65,0.113
2024-07-17 04:03:20+00:00,usd_mxn,17.63,17.65,0.113
2024-07-17 04:03:21+00:00,usd_mxn,17.63,17.65,0.113
2024-07-17 04:03:22+00:00,usd_mxn,17.63,17.65,0.113
2024-07-17 04:03:23+00:00,usd_mxn,17.63,17.65,0.113
2024-07-17 04:03:24+00:00,usd_mxn,17.63,17.65,0.113
2024-07-17 04:03:25+00:00,usd_mxn,17.63,17.65,0.113
2024-07-17 04:03:26+00:00,usd_mxn,17.63,17.65,0.113
2024-07-17 04:03:27+00:00,usd_mxn,17.63,17.65,0.113
2024-07-17 04:03:28+00:00,usd_mxn,17.63,17.65,0.113
2024-07-17 04:03:29+00:00,usd_mxn,17.63,17.65,0.113
2024-07-17 04:03:30+00:00,usd_mxn,17.63,17.65,0.113
2024-07-17 04:03:31+00:00,usd_mxn,17.63,17.65,0.113
2024-07-17 04:03:32+00:00,usd_mxn,17.63,17.65,0.113
2024-07-17 04:03:34+00:00,usd_mxn,17.63,17.65,0.113
2024-07-17 04:03:35+00:00,usd_mxn,17.63,17.65,0.113
2024-07-17 04:03:36+00:00,usd_mxn,17.63,17.65,0.113
2024-07-17 04:03:37+00:00,usd_mxn,17.63,17.65,0.113
2024-07-17 04:03:38+00:00,usd_mxn,17.63,17.65,0.113
2024-07-17 04:03:39+00:00,usd_mxn,17.63,17.65,0.113
2024-07-17 04:03:40+00:00,usd_mxn,17.63,17.65,0.113
2024-07-17 04:03:41+00:00,usd_mxn,17.63,17.65,0.113
2024-07-17 04:03:42+00:00,usd_mxn,17.63,17.65,0.113
2024-07-17 04:03:43+00:00,usd_mxn,17.63,17.65,0.113
2024-07-17 04:03:44+00:00,usd_mxn,17.63,17.65,0.113
2024-07-17 04:03:45+00:00,usd_mxn,17.63,17.65,0.113
2024-07-17 04:03:46+00:00,usd_mxn,17.63,17.65,0.113
2024-07-17 04:03:47+00:00,usd_mxn,17.63,17.65,0.113
2024-07-17 04:03:48+00:00,usd_mxn,17.63,17.65,0.113
2024-07-17 04:03:49+00:00,usd_mxn,17.63,17.65,0.113
2024-07-17 04:03:50+00:00,usd_mxn,17.63,17.65,0.113
2024-07-17 04:03:51+00:00,usd_mxn,17.63,17.65,0.113
2024-07-17 04:03:52+00:00,usd_mxn,17.63,17.65,0.113
2024-07-17 04:03:53+00:00,usd_mxn,17.63,17.65,0.113
2024-07-17 04:03:54+00:00,usd_mxn,17.63,17.65,0.113
2024-07-17 04:03:55+00:00,usd_mxn,17.63,17.65,0.113
2024-07-17 04:03:56+00:00,usd_mxn,17.63,17.65,0.113
2024-07-17 04:03:57+00:00,usd_mxn,17.63,17.65,0.113
2024-07-17 04:03:58+00:00,usd_mxn,17.63,17.65,0.113
2024-07-17 04:03:59+00:00,usd_mxn,17.63,17.65,0.113
2024-07-17 04:04:00+00:00,usd_mxn,17.63,17.65,0.113
2024-07-17 04:04:01+00:00,usd_mxn,17.63,17.65,0.113
2024-07-17 04:04:02+00:00,usd_mxn,17.63,17.65,0.113
2024-07-17 04:04:03+00:00,usd_mxn,17.63,17.65,0.113
2024-07-17 04:04:04+00:00,usd_mxn,17.63,17.65,0.113
2024-07-17 04:04:05+00:00,usd_mxn,17.63,17.65,0.113
2024-07-17 04:04:06+00:00,usd_mxn,17.63,17.65,0.113
2024-07-17 04:04:07+00:00,usd_mxn,17.63,17.65,0.113
2024-07-17 04:04:08+00:00,usd_mxn,17.63,17.65,0.113
2024-07-17 04:04:09+00:00,usd_mxn,17.63,17.65,0.113
2024-07-17 04:04:10+00:00,usd_mxn,17.63,17.65,0.113
2024-07-17 04:04:11+00:00,usd_mxn,17.63,17.65,0.113
2024-07-17 04:04:12+00:00,usd_mxn,17.63,17.65,0.113
2024-07-17 04:04:13+00:00,usd_mxn,17.63,17.65,0.113
2024-07-17 04:04:14+00:00,usd_mxn,17.63,17.65,0.113
2024-07-17 04:04:15+00:00,usd_mxn,17.63,17.65,0.113
2024-07-17 04:04:16+00:00,usd_mxn,17.62,17.65,0.17
2024-07-17 04:04:17+00:00,usd_mxn,17.62,17.65,0.17
2024-07-17 04:04:18+00:00,usd_mxn,17.63,17.65,0.113
2024-07-17 04:04:19+00:00,usd_mxn,17.63,17.65,0.113
2024-07-17 04:04:20+00:00,usd_mxn,17.63,17.65,0.113
2024-07-17 04:04:21+00:00,usd_mxn,17.63,17.65,0.113
2024-07-17 04:04:22+00:00,usd_mxn,17.63,17.65,0.113
2024-07-17 04:04:23+00:00,usd_mxn,17.63,17.65,0.113
2024-07-17 04:04:24+00:00,usd_mxn,17.63,17.65,0.113
2024-07-17 04:04:25+00:00,usd_mxn,17.63,17.65,0.113
2024-07-17 04:04:26+00:00,usd_mxn,17.63,17.65,0.113
2024-07-17 04:04:27+00:00,usd_mxn,17.63,17.65,0.113
2024-07-17 04:04:28+00:00,usd_mxn,17.63,17.65,0.113
2024-07-17 04:04:29+00:00,usd_mxn,17.63,17.65,0.113
2024-07-17 04:04:30+00:00,usd_mxn,17.63,17.65,0.113
2024-07-17 04:04:31+00:00,usd_mxn,17.63,17.65,0.113
2024-07-17 04:04:32+00:00,usd_mxn,17.63,17.65,0.113
2024-07-17 04:04:33+00:00,usd_mxn,17.63,17.65,0.113
2024-07-17 04:04:34+00:00,usd_mxn,17.63,17.65,0.113
2024-07-17 04:04:35+00:00,usd_mxn,17.63,17.65,0.113
2024-07-17 04:04:36+00:00,usd_mxn,17.63,17.65,0.113
2024-07-17 04:04:38+00:00,usd_mxn,17.63,17.65,0.113
2024-07-17 04:04:39+00:00,usd_mxn,17.63,17.65,0.113
2024-07-17 04:04:40+00:00,usd_mxn,17.63,17.65,0.113
2024-07-17 04:04:41+00:00,usd_mxn,17.63,17.65,0.113
2024-07-17 04:04:42+00:00,usd_mxn,17.63,17.65,0.113
2024-07-17 04:04:43+00:00,usd_mxn,17.63,17.65,0.113
2024-07-17 04:04:44+00:00,usd_mxn,17.63,17.65,0.113
2024-07-17 04:04:45+00:00,usd_mxn,17.63,17.65,0.113
2024-07-17 04:04:46+00:00,usd_mxn,17.63,17.65,0.113
2024-07-17 04:04:47+00:00,usd_mxn,17.63,17.65,0.113
2024-07-17 04:04:48+00:00,usd_mxn,17.63,17.65,0.113
2024-07-17 04:04:49+00:00,usd_mxn,17.63,17.65,0.113
2024-07-17 04:04:50+00:00,usd_mxn,17.63,17.65,0.113
2024-07-17 04:04:51+00:00,usd_mxn,17.63,17.65,0.113
2024-07-17 04:04:52+00:00,usd_mxn,17.63,17.65,0.113
2024-07-17 04:04:53+00:00,usd_mxn,17.63,17.65,0.113
2024-07-17 04:04:54+00:00,usd_mxn,17.63,17.65,0.113
2024-07-17 04:04:55+00:00,usd_mxn,17.63,17.65,0.113
2024-07-17 04:04:56+00:00,usd_mxn,17.63,17.65,0.113
2024-07-17 04:04:57+00:00,usd_mxn,17.63,17.65,0.113
2024-07-17 04:04:58+00:00,usd_mxn,17.63,17.65,0.113
2024-07-17 04:04:59+00:00,usd_mxn,17.63,17.65,0.113
2024-07-17 04:05:00+00:00,usd_mxn,17.63,17.65,0.113
2024-07-17 04:05:01+00:00,usd_mxn,17.63,17.65,0.113
2024-07-17 04:05:02+00:00,usd_mxn,17.63,17.65,0.113
2024-07-17 04:05:03+00:00,usd_mxn,17.63,17.65,0.113
2024-07-17 04:05:04+00:00,usd_mxn,17.63,17.65,0.113
2024-07-17 04:05:05+00:00,usd_mxn,17.63,17.65,0.113
2024-07-17 04:05:06+00:00,usd_mxn,17.63,17.65,0.113
2024-07-17 04:05:07+00:00,usd_mxn,17.63,17.65,0.113
2024-07-17 04:05:08+00:00,usd_mxn,17.63,17.65,0.113
2024-07-17 04:05:09+00:00,usd_mxn,17.63,17.65,0.113
2024-07-17 04:05:10+00:00,usd_mxn,17.63,17.65,0.113
2024-07-17 04:05:11+00:00,usd_mxn,17.63,17.65,0.113
2024-07-17 04:05:12+00:00,usd_mxn,17.63,17.65,0.113
2024-07-17 04:05:13+00:00,usd_mxn,17.63,17.65,0.113
2024-07-17 04:05:14+00:00,usd_mxn,17.63,17.65,0.113
2024-07-17 11:03:00+00:00,usd_mxn,17.72,17.73,0.056
2024-07-17 11:03:01+00:00,usd_mxn,17.72,17.73,0.056
2024-07-17 11:03:02+00:00,usd_mxn,17.72,17.73,0.056
2024-07-17 11:03:03+00:00,usd_mxn,17.72,17.73,0.056
2024-07-17 11:03:05+00:00,usd_mxn,17.72,17.73,0.056
2024-07-17 11:03:06+00:00,usd_mxn,17.72,17.73,0.056
2024-07-17 11:03:07+00:00,usd_mxn,17.72,17.73,0.056
2024-07-17 11:03:08+00:00,usd_mxn,17.72,17.73,0.056
2024-07-17 11:03:09+00:00,usd_mxn,17.72,17.73,0.056
2024-07-17 11:03:10+00:00,usd_mxn,17.72,17.73,0.056
2024-07-17 11:03:11+00:00,usd_mxn,17.72,17.73,0.056
2024-07-17 11:03:12+00:00,usd_mxn,17.72,17.73,0.056
2024-07-17 11:03:13+00:00,usd_mxn,17.72,17.73,0.056
2024-07-17 11:03:14+00:00,usd_mxn,17.72,17.73,0.056
2024-07-17 11:03:15+00:00,usd_mxn,17.72,17.73,0.056
2024-07-17 11:03:16+00:00,usd_mxn,17.72,17.73,0.056
2024-07-17 11:03:17+00:00,usd_mxn,17.72,17.73,0.056
2024-07-17 11:03:18+00:00,usd_mxn,17.72,17.73,0.056
2024-07-17 11:03:19+00:00,usd_mxn,17.72,17.73,0.056
2024-07-17 11:03:20+00:00,usd_mxn,17.72,17.73,0.056
2024-07-17 11:03:21+00:00,usd_mxn,17.72,17.73,0.056
2024-07-17 11:03:22+00:00,usd_mxn,17.72,17.73,0.056
2024-07-17 11:03:23+00:00,usd_mxn,17.72,17.73,0.056
2024-07-17 11:03:24+00:00,usd_mxn,17.72,17.73,0.056
2024-07-17 11:03:25+00:00,usd_mxn,17.72,17.73,0.056
2024-07-17 11:03:26+00:00,usd_mxn,17.72,17.73,0.056
2024-07-17 11:03:27+00:00,usd_mxn,17.72,17.73,0.056
2024-07-17 11:03:28+00:00,usd_mxn,17.72,17.73,0.056
2024-07-17 11:03:29+00:00,usd_mxn,17.72,17.73,0.056
2024-07-17 11:03:30+00:00,usd_mxn,17.72,17.73,0.056
2024-07-17 11:03:31+00:00,usd_mxn,17.72,17.73,0.056
2024-07-17 11:03:32+00:00,usd_mxn,17.72,17.73,0.056
2024-07-17 11:03:33+00:00,usd_mxn,17.72,17.73,0.056
2024-07-17 11:03:34+00:00,usd_mxn,17.72,17.73,0.056
2024-07-17 11:03:35+00:00,usd_mxn,17.72,17.73,0.056
2024-07-17 11:03:36+00:00,usd_mxn,17.72,17.73,0.056
2024-07-17 11:03:37+00:00,usd_mxn,17.72,17.73,0.056
2024-07-17 11:03:38+00:00,usd_mxn,17.72,17.73,0.056
2024-07-17 11:03:39+00:00,usd_mxn,17.72,17.73,0.056
2024-07-17 11:03:40+00:00,usd_mxn,17.72,17.73,0.056
2024-07-17 11:03:42+00:00,usd_mxn,17.72,17.73,0.056
2024-07-17 11:03:43+00:00,usd_mxn,17.72,17.73,0.056
2024-07-17 11:03:44+00:00,usd_mxn,17.72,17.73,0.056
2024-07-17 11:03:45+00:00,usd_mxn,17.72,17.73,0.056
2024-07-17 11:03:46+00:00,usd_mxn,17.72,17.73,0.056
2024-07-17 11:03:47+00:00,usd_mxn,17.72,17.73,0.056
2024-07-17 11:03:48+00:00,usd_mxn,17.72,17.73,0.056
2024-07-17 11:03:49+00:00,usd_mxn,17.72,17.73,0.056
2024-07-17 11:03:50+00:00,usd_mxn,17.72,17.73,0.056
2024-07-17 11:03:51+00:00,usd_mxn,17.72,17.73,0.056
2024-07-17 11:03:52+00:00,usd_mxn,17.72,17.73,0.056
2024-07-17 11:03:53+00:00,usd_mxn,17.72,17.73,0.056
2024-07-17 11:03:54+00:00,usd_mxn,17.72,17.73,0.056
2024-07-17 11:03:55+00:00,usd_mxn,17.72,17.73,0.056
2024-07-17 11:03:56+00:00,usd_mxn,17.72,17.73,0.056
2024-07-17 11:03:57+00:00,usd_mxn,17.72,17.73,0.056
2024-07-17 11:03:58+00:00,usd_mxn,17.72,17.73,0.056
2024-07-17 11:03:59+00:00,usd_mxn,17.72,17.73,0.056
2024-07-17 11:04:00+00:00,usd_mxn,17.72,17.73,0.056
2024-07-17 11:04:01+00:00,usd_mxn,17.72,17.73,0.056
2024-07-17 11:04:02+00:00,usd_mxn,17.72,17.73,0.056
2024-07-17 11:04:03+00:00,usd_mxn,17.72,17.73,0.056
2024-07-17 11:04:04+00:00,usd_mxn,17.72,17.73,0.056
2024-07-17 11:04:05+00:00,usd_mxn,17.72,17.73,0.056
2024-07-17 11:04:06+00:00,usd_mxn,17.72,17.73,0.056
2024-07-17 11:04:07+00:00,usd_mxn,17.72,17.73,0.056
2024-07-17 11:04:08+00:00,usd_mxn,17.72,17.73,0.056
2024-07-17 11:04:09+00:00,usd_mxn,17.72,17.73,0.056
2024-07-17 11:04:10+00:00,usd_mxn,17.72,17.73,0.056
2024-07-17 11:04:11+00:00,usd_mxn,17.72,17.73,0.056
2024-07-17 11:04:12+00:00,usd_mxn,17.72,17.73,0.056
2024-07-17 11:04:13+00:00,usd_mxn,17.72,17.73,0.056
2024-07-17 11:04:14+00:00,usd_mxn,17.72,17.73,0.056
2024-07-17 11:04:15+00:00,usd_mxn,17.72,17.73,0.056
2024-07-17 11:04:16+00:00,usd_mxn,17.72,17.73,0.056
2024-07-17 11:04:18+00:00,usd_mxn,17.72,17.73,0.056
2024-07-17 11:04:19+00:00,usd_mxn,17.72,17.73,0.056
2024-07-17 11:04:20+00:00,usd_mxn,17.72,17.73,0.056
2024-07-17 11:04:21+00:00,usd_mxn,17.72,17.73,0.056
2024-07-17 11:04:22+00:00,usd_mxn,17.72,17.73,0.056
2024-07-17 11:04:23+00:00,usd_mxn,17.72,17.73,0.056
2024-07-17 11:04:24+00:00,usd_mxn,17.72,17.73,0.056
2024-07-17 11:04:25+00:00,usd_mxn,17.72,17.73,0.056
2024-07-17 11:04:26+00:00,usd_mxn,17.72,17.73,0.056
2024-07-17 11:04:28+00:00,usd_mxn,17.72,17.73,0.056
2024-07-17 11:04:29+00:00,usd_mxn,17.72,17.73,0.056
2024-07-17 11:04:30+00:00,usd_mxn,17.72,17.73,0.056
2024-07-17 11:04:31+00:00,usd_mxn,17.72,17.73,0.056
2024-07-17 11:04:32+00:00,usd_mxn,17.72,17.73,0.056
2024-07-17 11:04:33+00:00,usd_mxn,17.72,17.73,0.056
2024-07-17 11:04:34+00:00,usd_mxn,17.72,17.73,0.056
2024-07-17 11:04:35+00:00,usd_mxn,17.72,17.73,0.056
2024-07-17 11:04:36+00:00,usd_mxn,17.72,17.73,0.056
2024-07-17 11:04:37+00:00,usd_mxn,17.72,17.73,0.056
2024-07-17 11:04:38+00:00,usd_mxn,17.72,17.73,0.056
2024-07-17 11:04:39+00:00,usd_mxn,17.72,17.73,0.056
2024-07-17 11:04:40+00:00,usd_mxn,17.72,17.73,0.056
2024-07-17 11:04:41+00:00,usd_mxn,17.72,17.73,0.056
2024-07-17 11:04:42+00:00,usd_mxn,17.72,17.73,0.056
2024-07-17 11:04:43+00:00,usd_mxn,17.72,17.73,0.056
2024-07-17 11:04:44+00:00,usd_mxn,17.72,17.73,0.056
2024-07-17 11:04:45+00:00,usd_mxn,17.72,17.73,0.056
2024-07-17 11:04:46+00:00,usd_mxn,17.72,17.73,0.056
2024-07-17 11:04:47+00:00,usd_mxn,17.72,17.73,0.056
2024-07-17 11:04:48+00:00,usd_mxn,17.72,17.73,0.056
2024-07-17 11:04:49+00:00,usd_mxn,17.72,17.73,0.056
2024-07-17 11:04:50+00:00,usd_mxn,17.72,17.73,0.056
2024-07-17 11:04:51+00:00,usd_mxn,17.72,17.73,0.056
2024-07-17 11:04:52+00:00,usd_mxn,17.72,17.73,0.056
2024-07-17 11:04:53+00:00,usd_mxn,17.72,17.73,0.056
2024-07-17 11:04:54+00:00,usd_mxn,17.72,17.73,0.056
2024-07-17 11:04:55+00:00,usd_mxn,17.72,17.73,0.056
2024-07-17 11:04:56+00:00,usd_mxn,17.72,17.73,0.056
2024-07-17 11:04:57+00:00,usd_mxn,17.72,17.73,0.056
2024-07-17 11:04:58+00:00,usd_mxn,17.72,17.73,0.056
2024-07-17 11:04:59+00:00,usd_mxn,17.72,17.73,0.056
2024-07-17 11:05:00+00:00,usd_mxn,17.72,17.73,0.056
2024-07-17 11:05:01+00:00,usd_mxn,17.72,17.73,0.056
2024-07-17 11:05:02+00:00,usd_mxn,17.72,17.73,0.056
2024-07-17 11:05:03+00:00,usd_mxn,17.72,17.73,0.056
2024-07-17 11:05:04+00:00,usd_mxn,17.72,17.73,0.056
2024-07-17 11:05:05+00:00,usd_mxn,17.72,17.73,0.056
2024-07-17 11:05:06+00:00,usd_mxn,17.72,17.73,0.056
2024-07-17 11:05:07+00:00,usd_mxn,17.72,17.73,0.056
2024-07-17 11:05:08+00:00,usd_mxn,17.72,17.73,0.056
2024-07-17 11:05:09+00:00,usd_mxn,17.72,17.73,0.056
2024-07-17 11:05:10+00:00,usd_mxn,17.72,17.73,0.056
2024-07-17 11:05:11+00:00,usd_mxn,17.72,17.73,0.056
2024-07-17 11:05:12+00:00,usd_mxn,17.72,17.73,0.056
2024-07-17 11:05:13+00:00,usd_mxn,17.72,17.73,0.056
2024-07-17 11:05:14+00:00,usd_mxn,17.72,17.73,0.056
2024-07-17 11:05:15+00:00,usd_mxn,17.72,17.73,0.056
2024-07-17 11:05:16+00:00,usd_mxn,17.72,17.73,0.056
2024-07-17 11:05:17+00:00,usd_mxn,17.72,17.73,0.056
2024-07-17 11:05:19+00:00,usd_mxn,17.72,17.73,0.056
2024-07-17 11:05:20+00:00,usd_mxn,17.72,17.73,0.056
2024-07-17 11:05:21+00:00,usd_mxn,17.72,17.73,0.056
2024-07-17 11:05:22+00:00,usd_mxn,17.72,17.73,0.056
2024-07-17 11:05:23+00:00,usd_mxn,17.72,17.73,0.056
2024-07-17 11:05:24+00:00,usd_mxn,17.72,17.73,0.056
2024-07-17 11:05:25+00:00,usd_mxn,17.72,17.73,0.056
2024-07-17 11:05:26+00:00,usd_mxn,17.72,17.73,0.056
2024-07-17 11:05:27+00:00,usd_mxn,17.72,17.73,0.056
2024-07-17 11:05:28+00:00,usd_mxn,17.72,17.73,0.056
2024-07-17 11:05:29+00:00,usd_mxn,17.72,17.73,0.056
2024-07-17 11:05:30+00:00,usd_mxn,17.72,17.73,0.056
2024-07-17 11:05:31+00:00,usd_mxn,17.72,17.73,0.056
2024-07-17 11:05:32+00:00,usd_mxn,17.72,17.73,0.056
2024-07-17 11:05:33+00:00,usd_mxn,17.72,17.73,0.056
2024-07-17 11:05:34+00:00,usd_mxn,17.72,17.73,0.056
2024-07-17 11:05:35+00:00,usd_mxn,17.72,17.73,0.056
2024-07-17 11:05:36+00:00,usd_mxn,17.72,17.73,0.056
2024-07-17 11:05:37+00:00,usd_mxn,17.72,17.73,0.056
2024-07-17 11:05:38+00:00,usd_mxn,17.72,17.73,0.056
2024-07-17 11:05:39+00:00,usd_mxn,17.72,17.73,0.056
2024-07-17 11:05:40+00:00,usd_mxn,17.72,17.73,0.056
2024-07-17 11:05:41+00:00,usd_mxn,17.72,17.73,0.056
2024-07-17 11:05:42+00:00,usd_mxn,17.72,17.73,0.056
2024-07-17 11:05:43+00:00,usd_mxn,17.72,17.73,0.056
2024-07-17 11:05:44+00:00,usd_mxn,17.72,17.73,0.056
2024-07-17 11:05:45+00:00,usd_mxn,17.72,17.73,0.056
2024-07-17 11:05:46+00:00,usd_mxn,17.72,17.73,0.056
2024-07-17 11:05:47+00:00,usd_mxn,17.72,17.73,0.056
2024-07-17 11:05:48+00:00,usd_mxn,17.72,17.73,0.056
2024-07-17 11:05:49+00:00,usd_mxn,17.72,17.73,0.056
2024-07-17 11:05:50+00:00,usd_mxn,17.72,17.73,0.056
2024-07-17 11:05:51+00:00,usd_mxn,17.72,17.73,0.056
2024-07-17 11:05:52+00:00,usd_mxn,17.72,17.73,0.056
2024-07-17 11:05:53+00:00,usd_mxn,17.72,17.73,0.056
2024-07-17 11:05:54+00:00,usd_mxn,17.72,17.73,0.056
2024-07-17 11:05:55+00:00,usd_mxn,17.72,17.73,0.056
2024-07-17 11:05:56+00:00,usd_mxn,17.72,17.73,0.056
2024-07-17 11:05:57+00:00,usd_mxn,17.72,17.73,0.056
2024-07-17 11:05:58+00:00,usd_mxn,17.72,17.73,0.056
2024-07-17 11:05:59+00:00,usd_mxn,17.72,17.73,0.056
2024-07-17 11:06:00+00:00,usd_mxn,17.72,17.73,0.056
2024-07-17 11:06:01+00:00,usd_mxn,17.72,17.73,0.056
2024-07-17 11:06:02+00:00,usd_mxn,17.72,17.73,0.056
2024-07-17 11:06:03+00:00,usd_mxn,17.72,17.73,0.056
2024-07-17 11:06:04+00:00,usd_mxn,17.72,17.73,0.056
2024-07-17 11:06:05+00:00,usd_mxn,17.72,17.73,0.056
2024-07-17 11:06:06+00:00,usd_mxn,17.72,17.73,0.056
2024-07-17 11:06:07+00:00,usd_mxn,17.72,17.73,0.056
2024-07-17 11:06:08+00:00,usd_mxn,17.72,17.73,0.056
2024-07-17 11:06:09+00:00,usd_mxn,17.72,17.73,0.056
2024-07-17 11:06:10+00:00,usd_mxn,17.72,17.73,0.056
2024-07-17 11:06:11+00:00,usd_mxn,17.72,17.73,0.056
2024-07-17 11:06:12+00:00,usd_mxn,17.72,17.73,0.056
2024-07-17 11:06:13+00:00,usd_mxn,17.72,17.73,0.056
2024-07-17 11:06:14+00:00,usd_mxn,17.72,17.73,0.056
2024-07-17 11:06:15+00:00,usd_mxn,17.72,17.73,0.056
2024-07-17 11:06:16+00:00,usd_mxn,17.72,17.73,0.056
2024-07-17 11:06:17+00:00,usd_mxn,17.72,17.73,0.056
2024-07-17 11:06:18+00:00,usd_mxn,17.72,17.73,0.056
2024-07-17 11:06:19+00:00,usd_mxn,17.72,17.73,0.056
2024-07-17 11:06:20+00:00,usd_mxn,17.72,17.73,0.056
2024-07-17 11:06:21+00:00,usd_mxn,17.72,17.73,0.056
2024-07-17 11:06:22+00:00,usd_mxn,17.72,17.73,0.056
2024-07-17 11:06:23+00:00,usd_mxn,17.72,17.73,0.056
2024-07-17 11:06:24+00:00,usd_mxn,17.72,17.73,0.056
2024-07-17 11:06:25+00:00,usd_mxn,17.72,17.73,0.056
2024-07-17 11:06:26+00:00,usd_mxn,17.72,17.73,0.056
2024-07-17 11:06:27+00:00,usd_mxn,17.72,17.73,0.056
2024-07-17 11:06:28+00:00,usd_mxn,17.72,17.73,0.056
2024-07-17 11:06:29+00:00,usd_mxn,17.72,17.73,0.056
2024-07-17 11:06:30+00:00,usd_mxn,17.72,17.73,0.056
2024-07-17 11:06:31+00:00,usd_mxn,17.72,17.73,0.056
2024-07-17 11:06:32+00:00,usd_mxn,17.72,17.73,0.056
2024-07-17 11:06:33+00:00,usd_mxn,17.72,17.73,0.056
2024-07-17 11:06:34+00:00,usd_mxn,17.72,17.73,0.056
2024-07-17 11:06:35+00:00,usd_mxn,17.72,17.73,0.056
2024-07-17 11:06:36+00:00,usd_mxn,17.72,17.73,0.056
2024-07-17 11:06:37+00:00,usd_mxn,17.72,17.73,0.056
2024-07-17 11:06:38+00:00,usd_mxn,17.72,17.73,0.056
2024-07-17 11:06:39+00:00,usd_mxn,17.72,17.73,0.056
2024-07-17 11:06:40+00:00,usd_mxn,17.72,17.73,0.056
2024-07-17 11:06:41+00:00,usd_mxn,17.72,17.73,0.056
2024-07-17 11:06:43+00:00,usd_mxn,17.72,17.73,0.056
2024-07-17 11:06:44+00:00,usd_mxn,17.72,17.73,0.056
2024-07-17 11:06:45+00:00,usd_mxn,17.72,17.73,0.056
2024-07-17 11:06:46+00:00,usd_mxn,17.72,17.73,0.056
2024-07-17 11:06:47+00:00,usd_mxn,17.72,17.73,0.056
2024-07-17 11:06:48+00:00,usd_mxn,17.72,17.73,0.056
2024-07-17 11:06:49+00:00,usd_mxn,17.72,17.73,0.056
2024-07-17 11:06:50+00:00,usd_mxn,17.72,17.73,0.056
2024-07-17 11:06:51+00:00,usd_mxn,17.72,17.73,0.056
2024-07-17 11:06:52+00:00,usd_mxn,17.72,17.73,0.056
2024-07-17 11:06:53+00:00,usd_mxn,17.72,17.73,0.056
2024-07-17 11:06:54+00:00,usd_mxn,17.72,17.73,0.056
2024-07-17 11:06:55+00:00,usd_mxn,17.72,17.73,0.056
2024-07-17 11:06:56+00:00,usd_mxn,17.72,17.73,0.056
2024-07-17 11:06:57+00:00,usd_mxn,17.72,17.73,0.056
2024-07-17 11:06:58+00:00,usd_mxn,17.72,17.73,0.056
2024-07-17 11:06:59+00:00,usd_mxn,17.72,17.73,0.056
2024-07-17 11:07:00+00:00,usd_mxn,17.72,17.73,0.056
2024-07-17 11:07:01+00:00,usd_mxn,17.72,17.73,0.056
2024-07-17 11:07:02+00:00,usd_mxn,17.72,17.73,0.056
2024-07-17 11:07:04+00:00,usd_mxn,17.72,17.73,0.056
2024-07-17 11:07:05+00:00,usd_mxn,17.72,17.73,0.056
2024-07-17 11:07:06+00:00,usd_mxn,17.72,17.73,0.056
2024-07-17 11:07:07+00:00,usd_mxn,17.72,17.73,0.056
2024-07-17 11:07:08+00:00,usd_mxn,17.72,17.73,0.056
2024-07-17 11:07:09+00:00,usd_mxn,17.72,17.73,0.056
2024-07-17 11:07:10+00:00,usd_mxn,17.72,17.73,0.056
2024-07-17 11:07:11+00:00,usd_mxn,17.72,17.73,0.056
2024-07-17 11:07:12+00:00,usd_mxn,17.72,17.75,0.169
2024-07-17 11:07:13+00:00,usd_mxn,17.72,17.75,0.169
2024-07-17 11:07:14+00:00,usd_mxn,17.72,17.75,0.169
2024-07-17 11:07:15+00:00,usd_mxn,17.72,17.75,0.169
2024-07-17 11:07:16+00:00,usd_mxn,17.72,17.75,0.169
2024-07-17 11:07:17+00:00,usd_mxn,17.72,17.75,0.169
2024-07-17 11:07:19+00:00,usd_mxn,17.72,17.75,0.169
2024-07-17 11:07:20+00:00,usd_mxn,17.72,17.75,0.169
2024-07-17 11:07:21+00:00,usd_mxn,17.72,17.75,0.169
2024-07-17 11:07:22+00:00,usd_mxn,17.72,17.75,0.169
2024-07-17 11:07:23+00:00,usd_mxn,17.72,17.75,0.169
2024-07-17 11:07:24+00:00,usd_mxn,17.72,17.75,0.169
2024-07-17 11:07:25+00:00,usd_mxn,17.72,17.75,0.169
2024-07-17 11:07:26+00:00,usd_mxn,17.72,17.75,0.169
2024-07-17 11:07:27+00:00,usd_mxn,17.72,17.75,0.169
2024-07-17 11:07:28+00:00,usd_mxn,17.72,17.75,0.169
2024-07-17 11:07:29+00:00,usd_mxn,17.72,17.75,0.169
2024-07-17 11:07:30+00:00,usd_mxn,17.72,17.75,0.169
2024-07-17 11:07:31+00:00,usd_mxn,17.72,17.75,0.169
2024-07-17 11:07:32+00:00,usd_mxn,17.72,17.75,0.169
2024-07-17 11:07:33+00:00,usd_mxn,17.72,17.75,0.169
2024-07-17 11:07:34+00:00,usd_mxn,17.72,17.75,0.169
2024-07-17 11:07:35+00:00,usd_mxn,17.72,17.75,0.169
2024-07-17 11:07:36+00:00,usd_mxn,17.72,17.75,0.169
2024-07-17 11:07:37+00:00,usd_mxn,17.72,17.75,0.169
2024-07-17 11:07:38+00:00,usd_mxn,17.72,17.75,0.169
2024-07-17 11:07:39+00:00,usd_mxn,17.72,17.75,0.169
2024-07-17 11:07:40+00:00,usd_mxn,17.72,17.75,0.169
2024-07-17 11:07:41+00:00,usd_mxn,17.72,17.75,0.169
2024-07-17 11:07:42+00:00,usd_mxn,17.72,17.75,0.169
2024-07-17 11:07:43+00:00,usd_mxn,17.72,17.75,0.169
2024-07-17 11:07:44+00:00,usd_mxn,17.72,17.75,0.169
2024-07-17 11:07:45+00:00,usd_mxn,17.72,17.75,0.169
2024-07-17 11:07:46+00:00,usd_mxn,17.72,17.75,0.169
2024-07-17 11:07:47+00:00,usd_mxn,17.72,17.75,0.169
2024-07-17 11:07:48+00:00,usd_mxn,17.72,17.75,0.169
2024-07-17 11:07:49+00:00,usd_mxn,17.72,17.75,0.169
2024-07-17 11:07:50+00:00,usd_mxn,17.72,17.75,0.169
2024-07-17 11:07:52+00:00,usd_mxn,17.72,17.75,0.169
2024-07-17 11:07:53+00:00,usd_mxn,17.72,17.75,0.169
2024-07-17 11:07:54+00:00,usd_mxn,17.72,17.75,0.169
2024-07-17 11:07:55+00:00,usd_mxn,17.72,17.75,0.169
2024-07-17 11:07:56+00:00,usd_mxn,17.72,17.75,0.169
2024-07-17 11:07:57+00:00,usd_mxn,17.72,17.75,0.169
2024-07-17 11:07:58+00:00,usd_mxn,17.72,17.75,0.169
2024-07-17 11:07:59+00:00,usd_mxn,17.72,17.75,0.169
2024-07-17 11:08:00+00:00,usd_mxn,17.72,17.75,0.169
2024-07-17 11:08:01+00:00,usd_mxn,17.72,17.75,0.169
2024-07-17 11:08:02+00:00,usd_mxn,17.72,17.75,0.169
2024-07-17 11:08:03+00:00,usd_mxn,17.72,17.75,0.169
2024-07-17 11:08:04+00:00,usd_mxn,17.72,17.76,0.225
2024-07-17 11:08:05+00:00,usd_mxn,17.72,17.76,0.225
2024-07-17 11:08:06+00:00,usd_mxn,17.72,17.76,0.225
2024-07-17 11:08:07+00:00,usd_mxn,17.72,17.76,0.225
2024-07-17 12:33:02+00:00,usd_mxn,17.76,17.78,0.112
2024-07-17 12:33:03+00:00,usd_mxn,17.76,17.78,0.112
2024-07-17 12:33:05+00:00,usd_mxn,17.76,17.78,0.112
2024-07-17 12:33:06+00:00,usd_mxn,17.76,17.78,0.112
2024-07-17 12:33:07+00:00,usd_mxn,17.76,17.78,0.112
2024-07-17 12:33:08+00:00,usd_mxn,17.76,17.78,0.112
2024-07-17 12:33:09+00:00,usd_mxn,17.76,17.78,0.112
2024-07-17 12:33:10+00:00,usd_mxn,17.76,17.78,0.112
2024-07-17 12:33:11+00:00,usd_mxn,17.76,17.78,0.112
2024-07-17 12:33:12+00:00,usd_mxn,17.76,17.78,0.112
2024-07-17 12:33:13+00:00,usd_mxn,17.76,17.78,0.112
2024-07-17 12:33:14+00:00,usd_mxn,17.76,17.78,0.112
2024-07-17 12:33:15+00:00,usd_mxn,17.76,17.78,0.112
2024-07-17 12:33:16+00:00,usd_mxn,17.76,17.78,0.112
2024-07-17 12:33:17+00:00,usd_mxn,17.76,17.78,0.112
2024-07-17 12:33:18+00:00,usd_mxn,17.76,17.78,0.112
2024-07-17 12:33:19+00:00,usd_mxn,17.76,17.78,0.112
2024-07-17 12:33:20+00:00,usd_mxn,17.76,17.78,0.112
2024-07-17 12:33:21+00:00,usd_mxn,17.76,17.78,0.112
2024-07-17 12:33:22+00:00,usd_mxn,17.76,17.78,0.112
2024-07-17 12:33:23+00:00,usd_mxn,17.76,17.78,0.112
2024-07-17 12:33:24+00:00,usd_mxn,17.76,17.78,0.112
2024-07-17 12:33:25+00:00,usd_mxn,17.76,17.78,0.112
2024-07-17 12:33:26+00:00,usd_mxn,17.76,17.78,0.112
2024-07-17 12:33:27+00:00,usd_mxn,17.76,17.78,0.112
2024-07-17 12:33:28+00:00,usd_mxn,17.76,17.78,0.112
2024-07-17 12:33:29+00:00,usd_mxn,17.76,17.78,0.112
2024-07-17 12:33:30+00:00,usd_mxn,17.76,17.78,0.112
2024-07-17 12:33:32+00:00,usd_mxn,17.76,17.78,0.112
2024-07-17 12:33:33+00:00,usd_mxn,17.76,17.78,0.112
2024-07-17 12:33:34+00:00,usd_mxn,17.76,17.78,0.112
2024-07-17 12:33:35+00:00,usd_mxn,17.76,17.78,0.112
2024-07-17 12:33:36+00:00,usd_mxn,17.76,17.78,0.112
2024-07-17 12:33:37+00:00,usd_mxn,17.76,17.78,0.112
2024-07-17 12:33:38+00:00,usd_mxn,17.76,17.78,0.112
2024-07-17 12:33:39+00:00,usd_mxn,17.76,17.78,0.112
2024-07-17 12:33:40+00:00,usd_mxn,17.76,17.78,0.112
2024-07-17 12:33:41+00:00,usd_mxn,17.76,17.78,0.112
2024-07-17 12:33:42+00:00,usd_mxn,17.76,17.78,0.112
2024-07-17 12:33:43+00:00,usd_mxn,17.76,17.78,0.112
2024-07-17 12:33:44+00:00,usd_mxn,17.76,17.78,0.112
2024-07-17 12:33:45+00:00,usd_mxn,17.76,17.78,0.112
2024-07-17 12:33:46+00:00,usd_mxn,17.76,17.78,0.112
2024-07-17 12:33:47+00:00,usd_mxn,17.76,17.78,0.112
2024-07-17 12:33:48+00:00,usd_mxn,17.76,17.78,0.112
2024-07-17 12:33:49+00:00,usd_mxn,17.76,17.78,0.112
2024-07-17 12:33:50+00:00,usd_mxn,17.76,17.78,0.112
2024-07-17 12:33:51+00:00,usd_mxn,17.76,17.78,0.112
2024-07-17 12:33:52+00:00,usd_mxn,17.76,17.78,0.112
2024-07-17 12:33:53+00:00,usd_mxn,17.76,17.78,0.112
2024-07-17 12:33:54+00:00,usd_mxn,17.76,17.78,0.112
2024-07-17 12:33:55+00:00,usd_mxn,17.76,17.78,0.112
2024-07-17 12:33:56+00:00,usd_mxn,17.76,17.78,0.112
2024-07-17 12:33:57+00:00,usd_mxn,17.76,17.78,0.112
2024-07-17 12:33:58+00:00,usd_mxn,17.76,17.78,0.112
2024-07-17 12:33:59+00:00,usd_mxn,17.76,17.78,0.112
2024-07-17 12:34:00+00:00,usd_mxn,17.76,17.78,0.112
2024-07-17 12:34:01+00:00,usd_mxn,17.76,17.78,0.112
2024-07-17 12:34:02+00:00,usd_mxn,17.76,17.78,0.112
2024-07-17 12:34:03+00:00,usd_mxn,17.76,17.78,0.112
2024-07-17 12:34:04+00:00,usd_mxn,17.76,17.78,0.112
2024-07-17 12:34:05+00:00,usd_mxn,17.76,17.78,0.112
2024-07-17 12:34:06+00:00,usd_mxn,17.76,17.78,0.112
2024-07-17 12:34:07+00:00,usd_mxn,17.76,17.78,0.112
2024-07-17 12:34:08+00:00,usd_mxn,17.76,17.78,0.112
2024-07-17 12:34:09+00:00,usd_mxn,17.76,17.78,0.112
2024-07-17 12:34:10+00:00,usd_mxn,17.76,17.78,0.112
2024-07-17 12:34:11+00:00,usd_mxn,17.76,17.78,0.112
2024-07-17 12:34:12+00:00,usd_mxn,17.76,17.78,0.112
2024-07-17 12:34:13+00:00,usd_mxn,17.76,17.78,0.112
2024-07-17 12:34:14+00:00,usd_mxn,17.76,17.78,0.112
2024-07-17 12:34:15+00:00,usd_mxn,17.76,17.78,0.112
2024-07-17 12:34:16+00:00,usd_mxn,17.76,17.78,0.112
2024-07-17 12:34:17+00:00,usd_mxn,17.76,17.78,0.112
2024-07-17 12:34:18+00:00,usd_mxn,17.76,17.78,0.112
2024-07-17 12:34:19+00:00,usd_mxn,17.76,17.78,0.112
2024-07-17 12:34:20+00:00,usd_mxn,17.76,17.78,0.112
2024-07-17 12:34:21+00:00,usd_mxn,17.76,17.78,0.112
2024-07-17 12:34:22+00:00,usd_mxn,17.76,17.78,0.112
2024-07-17 12:34:23+00:00,usd_mxn,17.76,17.78,0.112
2024-07-17 12:34:24+00:00,usd_mxn,17.76,17.78,0.112
2024-07-17 12:34:25+00:00,usd_mxn,17.76,17.78,0.112
2024-07-17 12:34:26+00:00,usd_mxn,17.76,17.78,0.112
2024-07-17 12:34:27+00:00,usd_mxn,17.76,17.78,0.112
2024-07-17 12:34:28+00:00,usd_mxn,17.76,17.78,0.112
2024-07-17 12:34:29+00:00,usd_mxn,17.76,17.78,0.112
2024-07-17 12:34:30+00:00,usd_mxn,17.76,17.78,0.112
2024-07-17 12:34:31+00:00,usd_mxn,17.76,17.78,0.112
2024-07-17 12:34:32+00:00,usd_mxn,17.76,17.78,0.112
2024-07-17 12:34:33+00:00,usd_mxn,17.76,17.78,0.112
2024-07-17 12:34:34+00:00,usd_mxn,17.76,17.78,0.112
2024-07-17 12:34:35+00:00,usd_mxn,17.76,17.78,0.112
2024-07-17 12:34:36+00:00,usd_mxn,17.76,17.78,0.112
2024-07-17 12:34:38+00:00,usd_mxn,17.76,17.78,0.112
2024-07-17 12:34:39+00:00,usd_mxn,17.76,17.78,0.112
2024-07-17 12:34:40+00:00,usd_mxn,17.76,17.78,0.112
2024-07-17 12:34:41+00:00,usd_mxn,17.76,17.78,0.112
2024-07-17 12:34:42+00:00,usd_mxn,17.76,17.78,0.112
2024-07-17 12:34:43+00:00,usd_mxn,17.76,17.78,0.112
2024-07-17 12:34:44+00:00,usd_mxn,17.76,17.78,0.112
2024-07-17 12:34:45+00:00,usd_mxn,17.76,17.78,0.112
2024-07-17 12:34:46+00:00,usd_mxn,17.76,17.78,0.112
2024-07-17 12:34:47+00:00,usd_mxn,17.76,17.78,0.112
2024-07-17 12:34:48+00:00,usd_mxn,17.76,17.78,0.112
2024-07-17 12:34:49+00:00,usd_mxn,17.76,17.78,0.112
2024-07-17 12:34:50+00:00,usd_mxn,17.76,17.78,0.112
2024-07-17 12:34:51+00:00,usd_mxn,17.76,17.78,0.112
2024-07-17 12:34:52+00:00,usd_mxn,17.76,17.78,0.112
2024-07-17 12:34:53+00:00,usd_mxn,17.76,17.78,0.112
2024-07-17 12:34:54+00:00,usd_mxn,17.76,17.78,0.112
2024-07-17 12:34:55+00:00,usd_mxn,17.76,17.78,0.112
2024-07-17 12:34:56+00:00,usd_mxn,17.76,17.78,0.112
2024-07-17 12:34:57+00:00,usd_mxn,17.76,17.78,0.112
2024-07-17 12:34:58+00:00,usd_mxn,17.76,17.78,0.112
