orderbook_timestamp,book,bid,ask,spread
2024-07-16 23:22:34+00:00,usd_mxn,17.64,17.66,0.113
2024-07-16 23:22:35+00:00,usd_mxn,17.64,17.66,0.113
2024-07-16 23:22:36+00:00,usd_mxn,17.64,17.66,0.113
2024-07-16 23:22:38+00:00,usd_mxn,17.64,17.66,0.113
2024-07-16 23:22:38+00:00,usd_mxn,17.64,17.66,0.113
2024-07-16 23:22:40+00:00,usd_mxn,17.64,17.66,0.113
2024-07-16 23:22:41+00:00,usd_mxn,17.64,17.66,0.113
2024-07-16 23:22:42+00:00,usd_mxn,17.64,17.66,0.113
2024-07-16 23:22:43+00:00,usd_mxn,17.64,17.66,0.113
2024-07-16 23:22:44+00:00,usd_mxn,17.64,17.66,0.113
2024-07-16 23:22:45+00:00,usd_mxn,17.64,17.66,0.113
2024-07-16 23:22:46+00:00,usd_mxn,17.64,17.66,0.113
2024-07-16 23:22:47+00:00,usd_mxn,17.64,17.66,0.113
2024-07-16 23:22:48+00:00,usd_mxn,17.64,17.66,0.113
2024-07-16 23:22:49+00:00,usd_mxn,17.64,17.66,0.113
2024-07-16 23:22:50+00:00,usd_mxn,17.64,17.66,0.113
2024-07-16 23:22:51+00:00,usd_mxn,17.64,17.66,0.113
2024-07-16 23:22:52+00:00,usd_mxn,17.64,17.66,0.113
2024-07-16 23:22:53+00:00,usd_mxn,17.64,17.66,0.113
2024-07-16 23:22:54+00:00,usd_mxn,17.64,17.66,0.113
2024-07-16 23:22:55+00:00,usd_mxn,17.64,17.66,0.113
2024-07-16 23:22:56+00:00,usd_mxn,17.64,17.66,0.113
2024-07-16 23:22:57+00:00,usd_mxn,17.64,17.66,0.113
2024-07-16 23:22:58+00:00,usd_mxn,17.64,17.66,0.113
2024-07-16 23:22:59+00:00,usd_mxn,17.64,17.66,0.113
2024-07-16 23:23:00+00:00,usd_mxn,17.64,17.66,0.113
2024-07-16 23:23:01+00:00,usd_mxn,17.64,17.66,0.113
2024-07-16 23:23:02+00:00,usd_mxn,17.64,17.66,0.113
2024-07-16 23:23:03+00:00,usd_mxn,17.64,17.66,0.113
2024-07-16 23:23:04+00:00,usd_mxn,17.64,17.66,0.113
2024-07-16 23:23:05+00:00,usd_mxn,17.64,17.66,0.113
2024-07-16 23:23:06+00:00,usd_mxn,17.64,17.66,0.113
2024-07-16 23:23:07+00:00,usd_mxn,17.64,17.66,0.113
2024-07-16 23:23:08+00:00,usd_mxn,17.64,17.66,0.113
2024-07-16 23:23:09+00:00,usd_mxn,17.64,17.66,0.113
2024-07-16 23:23:10+00:00,usd_mxn,17.64,17.66,0.113
2024-07-16 23:23:11+00:00,usd_mxn,17.64,17.66,0.113
2024-07-16 23:23:12+00:00,usd_mxn,17.64,17.66,0.113
2024-07-16 23:23:13+00:00,usd_mxn,17.64,17.66,0.113
2024-07-16 23:23:14+00:00,usd_mxn,17.64,17.66,0.113
2024-07-16 23:23:15+00:00,usd_mxn,17.64,17.66,0.113
2024-07-16 23:23:16+00:00,usd_mxn,17.64,17.66,0.113
2024-07-16 23:23:17+00:00,usd_mxn,17.64,17.66,0.113
2024-07-16 23:23:18+00:00,usd_mxn,17.64,17.66,0.113
2024-07-16 23:23:19+00:00,usd_mxn,17.64,17.66,0.113
2024-07-16 23:23:20+00:00,usd_mxn,17.64,17.66,0.113
2024-07-16 23:23:21+00:00,usd_mxn,17.64,17.66,0.113
2024-07-16 23:23:22+00:00,usd_mxn,17.64,17.66,0.113
2024-07-16 23:23:23+00:00,usd_mxn,17.64,17.66,0.113
2024-07-16 23:23:24+00:00,usd_mxn,17.64,17.66,0.113
2024-07-16 23:23:25+00:00,usd_mxn,17.64,17.66,0.113
2024-07-16 23:23:26+00:00,usd_mxn,17.64,17.66,0.113
2024-07-16 23:23:27+00:00,usd_mxn,17.64,17.66,0.113
2024-07-16 23:23:28+00:00,usd_mxn,17.64,17.66,0.113
2024-07-16 23:23:29+00:00,usd_mxn,17.64,17.66,0.113
2024-07-16 23:23:30+00:00,usd_mxn,17.64,17.66,0.113
2024-07-16 23:23:31+00:00,usd_mxn,17.64,17.66,0.113
2024-07-16 23:23:32+00:00,usd_mxn,17.64,17.66,0.113
2024-07-16 23:23:33+00:00,usd_mxn,17.64,17.66,0.113
2024-07-16 23:23:34+00:00,usd_mxn,17.64,17.66,0.113
2024-07-16 23:23:35+00:00,usd_mxn,17.64,17.66,0.113
2024-07-16 23:23:36+00:00,usd_mxn,17.64,17.66,0.113
2024-07-16 23:23:37+00:00,usd_mxn,17.64,17.66,0.113
2024-07-16 23:23:38+00:00,usd_mxn,17.64,17.66,0.113
2024-07-16 23:23:39+00:00,usd_mxn,17.64,17.66,0.113
2024-07-16 23:23:40+00:00,usd_mxn,17.64,17.66,0.113
2024-07-16 23:23:42+00:00,usd_mxn,17.64,17.66,0.113
2024-07-16 23:23:43+00:00,usd_mxn,17.64,17.66,0.113
2024-07-16 23:23:44+00:00,usd_mxn,17.64,17.66,0.113
2024-07-16 23:23:45+00:00,usd_mxn,17.64,17.66,0.113
2024-07-16 23:23:46+00:00,usd_mxn,17.64,17.66,0.113
2024-07-16 23:23:47+00:00,usd_mxn,17.64,17.66,0.113
2024-07-16 23:23:48+00:00,usd_mxn,17.64,17.66,0.113
2024-07-16 23:23:49+00:00,usd_mxn,17.64,17.66,0.113
2024-07-16 23:23:50+00:00,usd_mxn,17.64,17.66,0.113
2024-07-16 23:23:51+00:00,usd_mxn,17.64,17.66,0.113
2024-07-16 23:23:52+00:00,usd_mxn,17.64,17.66,0.113
2024-07-16 23:23:53+00:00,usd_mxn,17.64,17.66,0.113
2024-07-16 23:23:54+00:00,usd_mxn,17.64,17.66,0.113
2024-07-16 23:23:55+00:00,usd_mxn,17.64,17.66,0.113
2024-07-16 23:23:56+00:00,usd_mxn,17.64,17.66,0.113
2024-07-16 23:23:57+00:00,usd_mxn,17.64,17.66,0.113
2024-07-16 23:23:58+00:00,usd_mxn,17.64,17.66,0.113
2024-07-16 23:23:59+00:00,usd_mxn,17.64,17.66,0.113
2024-07-16 23:24:00+00:00,usd_mxn,17.64,17.66,0.113
2024-07-16 23:24:01+00:00,usd_mxn,17.64,17.66,0.113
2024-07-16 23:24:02+00:00,usd_mxn,17.64,17.66,0.113
2024-07-16 23:24:03+00:00,usd_mxn,17.64,17.66,0.113
2024-07-16 23:24:04+00:00,usd_mxn,17.64,17.66,0.113
2024-07-16 23:24:05+00:00,usd_mxn,17.64,17.66,0.113
2024-07-16 23:24:06+00:00,usd_mxn,17.64,17.66,0.113
2024-07-16 23:24:07+00:00,usd_mxn,17.64,17.66,0.113
2024-07-16 23:24:08+00:00,usd_mxn,17.64,17.66,0.113
2024-07-16 23:24:09+00:00,usd_mxn,17.64,17.66,0.113
2024-07-16 23:24:10+00:00,usd_mxn,17.64,17.66,0.113
2024-07-16 23:24:11+00:00,usd_mxn,17.64,17.66,0.113
2024-07-16 23:24:12+00:00,usd_mxn,17.64,17.66,0.113
2024-07-16 23:24:13+00:00,usd_mxn,17.64,17.66,0.113
2024-07-16 23:24:14+00:00,usd_mxn,17.64,17.66,0.113
2024-07-16 23:24:15+00:00,usd_mxn,17.64,17.66,0.113
2024-07-16 23:24:16+00:00,usd_mxn,17.64,17.66,0.113
2024-07-16 23:24:17+00:00,usd_mxn,17.64,17.66,0.113
2024-07-16 23:24:18+00:00,usd_mxn,17.64,17.66,0.113
2024-07-16 23:24:19+00:00,usd_mxn,17.64,17.66,0.113
2024-07-16 23:24:20+00:00,usd_mxn,17.64,17.66,0.113
2024-07-16 23:24:21+00:00,usd_mxn,17.64,17.66,0.113
2024-07-16 23:24:22+00:00,usd_mxn,17.64,17.66,0.113
2024-07-16 23:24:23+00:00,usd_mxn,17.64,17.66,0.113
2024-07-16 23:24:24+00:00,usd_mxn,17.64,17.66,0.113
2024-07-16 23:24:25+00:00,usd_mxn,17.64,17.66,0.113
2024-07-16 23:24:26+00:00,usd_mxn,17.64,17.66,0.113
2024-07-16 23:24:27+00:00,usd_mxn,17.64,17.66,0.113
2024-07-16 23:24:28+00:00,usd_mxn,17.64,17.66,0.113
2024-07-16 23:24:29+00:00,usd_mxn,17.64,17.66,0.113
2024-07-16 23:24:30+00:00,usd_mxn,17.64,17.66,0.113
2024-07-16 23:24:31+00:00,usd_mxn,17.64,17.66,0.113
2024-07-16 23:24:32+00:00,usd_mxn,17.64,17.66,0.113
2024-07-16 23:24:33+00:00,usd_mxn,17.64,17.66,0.113
2024-07-16 23:24:34+00:00,usd_mxn,17.64,17.66,0.113
2024-07-16 23:24:35+00:00,usd_mxn,17.64,17.66,0.113
2024-07-16 23:24:36+00:00,usd_mxn,17.64,17.66,0.113
2024-07-16 23:24:37+00:00,usd_mxn,17.64,17.66,0.113
2024-07-16 23:24:38+00:00,usd_mxn,17.64,17.66,0.113
2024-07-16 23:24:39+00:00,usd_mxn,17.64,17.66,0.113
2024-07-16 23:24:40+00:00,usd_mxn,17.64,17.66,0.113
2024-07-16 23:24:42+00:00,usd_mxn,17.64,17.66,0.113
2024-07-16 23:24:43+00:00,usd_mxn,17.64,17.66,0.113
2024-07-16 23:24:44+00:00,usd_mxn,17.64,17.66,0.113
2024-07-16 23:24:45+00:00,usd_mxn,17.64,17.66,0.113
2024-07-16 23:24:46+00:00,usd_mxn,17.64,17.66,0.113
2024-07-16 23:24:47+00:00,usd_mxn,17.64,17.66,0.113
2024-07-16 23:24:48+00:00,usd_mxn,17.64,17.66,0.113
2024-07-16 23:24:49+00:00,usd_mxn,17.64,17.66,0.113
2024-07-16 23:24:50+00:00,usd_mxn,17.64,17.66,0.113
2024-07-16 23:24:51+00:00,usd_mxn,17.64,17.66,0.113
2024-07-16 23:24:52+00:00,usd_mxn,17.64,17.66,0.113
2024-07-16 23:24:53+00:00,usd_mxn,17.64,17.66,0.113
2024-07-16 23:24:54+00:00,usd_mxn,17.64,17.66,0.113
2024-07-16 23:24:55+00:00,usd_mxn,17.64,17.66,0.113
2024-07-16 23:24:56+00:00,usd_mxn,17.64,17.66,0.113
2024-07-16 23:24:57+00:00,usd_mxn,17.64,17.66,0.113
2024-07-16 23:24:58+00:00,usd_mxn,17.64,17.66,0.113
2024-07-16 23:24:59+00:00,usd_mxn,17.64,17.66,0.113
2024-07-16 23:25:00+00:00,usd_mxn,17.64,17.66,0.113
2024-07-16 23:25:01+00:00,usd_mxn,17.64,17.66,0.113
2024-07-16 23:25:02+00:00,usd_mxn,17.64,17.66,0.113
2024-07-16 23:25:03+00:00,usd_mxn,17.64,17.66,0.113
2024-07-16 23:25:04+00:00,usd_mxn,17.64,17.66,0.113
2024-07-16 23:25:05+00:00,usd_mxn,17.64,17.66,0.113
2024-07-16 23:25:06+00:00,usd_mxn,17.64,17.66,0.113
2024-07-16 23:25:07+00:00,usd_mxn,17.64,17.66,0.113
2024-07-16 23:25:08+00:00,usd_mxn,17.64,17.66,0.113
2024-07-16 23:25:09+00:00,usd_mxn,17.64,17.66,0.113
2024-07-16 23:25:10+00:00,usd_mxn,17.64,17.66,0.113
2024-07-16 23:25:11+00:00,usd_mxn,17.64,17.66,0.113
2024-07-16 23:25:12+00:00,usd_mxn,17.64,17.66,0.113
2024-07-16 23:25:13+00:00,usd_mxn,17.64,17.66,0.113
2024-07-16 23:25:14+00:00,usd_mxn,17.64,17.66,0.113
2024-07-16 23:25:15+00:00,usd_mxn,17.64,17.66,0.113
2024-07-16 23:25:16+00:00,usd_mxn,17.64,17.66,0.113
2024-07-16 23:25:17+00:00,usd_mxn,17.64,17.66,0.113
2024-07-16 23:25:18+00:00,usd_mxn,17.64,17.66,0.113
2024-07-16 23:25:19+00:00,usd_mxn,17.64,17.66,0.113
2024-07-16 23:25:20+00:00,usd_mxn,17.64,17.66,0.113
2024-07-16 23:25:21+00:00,usd_mxn,17.64,17.66,0.113
2024-07-16 23:25:22+00:00,usd_mxn,17.64,17.66,0.113
2024-07-16 23:25:23+00:00,usd_mxn,17.64,17.66,0.113
2024-07-16 23:25:24+00:00,usd_mxn,17.64,17.66,0.113
2024-07-16 23:25:25+00:00,usd_mxn,17.64,17.66,0.113
2024-07-16 23:25:26+00:00,usd_mxn,17.64,17.66,0.113
2024-07-16 23:25:27+00:00,usd_mxn,17.64,17.66,0.113
2024-07-16 23:25:28+00:00,usd_mxn,17.64,17.66,0.113
2024-07-16 23:25:29+00:00,usd_mxn,17.64,17.66,0.113
2024-07-16 23:25:30+00:00,usd_mxn,17.64,17.66,0.113
2024-07-16 23:25:31+00:00,usd_mxn,17.64,17.66,0.113
2024-07-16 23:25:32+00:00,usd_mxn,17.64,17.66,0.113
2024-07-16 23:25:33+00:00,usd_mxn,17.64,17.66,0.113
2024-07-16 23:25:34+00:00,usd_mxn,17.64,17.66,0.113
2024-07-16 23:25:35+00:00,usd_mxn,17.64,17.66,0.113
2024-07-16 23:25:36+00:00,usd_mxn,17.64,17.66,0.113
2024-07-16 23:25:37+00:00,usd_mxn,17.64,17.66,0.113
2024-07-16 23:25:38+00:00,usd_mxn,17.64,17.66,0.113
2024-07-16 23:25:39+00:00,usd_mxn,17.64,17.66,0.113
2024-07-16 23:25:40+00:00,usd_mxn,17.64,17.66,0.113
2024-07-16 23:25:41+00:00,usd_mxn,17.64,17.66,0.113
2024-07-16 23:25:42+00:00,usd_mxn,17.64,17.66,0.113
2024-07-16 23:25:43+00:00,usd_mxn,17.64,17.66,0.113
2024-07-16 23:25:44+00:00,usd_mxn,17.64,17.66,0.113
2024-07-16 23:25:45+00:00,usd_mxn,17.64,17.66,0.113
2024-07-16 23:25:46+00:00,usd_mxn,17.64,17.66,0.113
2024-07-16 23:25:47+00:00,usd_mxn,17.64,17.66,0.113
2024-07-16 23:25:48+00:00,usd_mxn,17.64,17.66,0.113
2024-07-16 23:25:49+00:00,usd_mxn,17.64,17.66,0.113
2024-07-16 23:25:50+00:00,usd_mxn,17.64,17.66,0.113
2024-07-16 23:25:52+00:00,usd_mxn,17.64,17.66,0.113
2024-07-16 23:25:53+00:00,usd_mxn,17.64,17.66,0.113
2024-07-16 23:25:54+00:00,usd_mxn,17.64,17.66,0.113
2024-07-16 23:25:55+00:00,usd_mxn,17.64,17.66,0.113
2024-07-16 23:25:56+00:00,usd_mxn,17.64,17.66,0.113
2024-07-16 23:25:57+00:00,usd_mxn,17.64,17.66,0.113
2024-07-16 23:25:58+00:00,usd_mxn,17.64,17.66,0.113
2024-07-16 23:25:59+00:00,usd_mxn,17.64,17.66,0.113
2024-07-16 23:26:00+00:00,usd_mxn,17.64,17.66,0.113
2024-07-16 23:26:01+00:00,usd_mxn,17.64,17.66,0.113
2024-07-16 23:26:02+00:00,usd_mxn,17.64,17.66,0.113
2024-07-16 23:26:03+00:00,usd_mxn,17.64,17.66,0.113
2024-07-16 23:26:04+00:00,usd_mxn,17.64,17.66,0.113
2024-07-16 23:26:05+00:00,usd_mxn,17.64,17.66,0.113
2024-07-16 23:26:06+00:00,usd_mxn,17.64,17.66,0.113
2024-07-16 23:26:07+00:00,usd_mxn,17.64,17.66,0.113
2024-07-16 23:26:08+00:00,usd_mxn,17.64,17.66,0.113
2024-07-16 23:26:09+00:00,usd_mxn,17.64,17.66,0.113
2024-07-16 23:26:10+00:00,usd_mxn,17.64,17.66,0.113
2024-07-16 23:26:11+00:00,usd_mxn,17.64,17.66,0.113
2024-07-16 23:26:12+00:00,usd_mxn,17.64,17.66,0.113
2024-07-16 23:26:13+00:00,usd_mxn,17.64,17.66,0.113
2024-07-16 23:26:14+00:00,usd_mxn,17.64,17.66,0.113
2024-07-16 23:26:15+00:00,usd_mxn,17.64,17.66,0.113
2024-07-16 23:26:16+00:00,usd_mxn,17.64,17.66,0.113
2024-07-16 23:26:17+00:00,usd_mxn,17.64,17.66,0.113
2024-07-16 23:26:18+00:00,usd_mxn,17.64,17.66,0.113
2024-07-16 23:26:19+00:00,usd_mxn,17.64,17.66,0.113
2024-07-16 23:26:20+00:00,usd_mxn,17.64,17.66,0.113
2024-07-16 23:26:21+00:00,usd_mxn,17.64,17.66,0.113
2024-07-16 23:26:22+00:00,usd_mxn,17.64,17.66,0.113
2024-07-16 23:26:23+00:00,usd_mxn,17.64,17.66,0.113
2024-07-16 23:26:24+00:00,usd_mxn,17.64,17.66,0.113
2024-07-16 23:26:25+00:00,usd_mxn,17.64,17.66,0.113
2024-07-16 23:26:26+00:00,usd_mxn,17.64,17.66,0.113
2024-07-16 23:26:27+00:00,usd_mxn,17.64,17.66,0.113
2024-07-16 23:26:28+00:00,usd_mxn,17.64,17.66,0.113
2024-07-16 23:26:29+00:00,usd_mxn,17.64,17.66,0.113
2024-07-16 23:26:30+00:00,usd_mxn,17.64,17.66,0.113
2024-07-16 23:26:31+00:00,usd_mxn,17.64,17.66,0.113
2024-07-16 23:26:32+00:00,usd_mxn,17.64,17.66,0.113
2024-07-16 23:26:33+00:00,usd_mxn,17.64,17.66,0.113
2024-07-16 23:26:34+00:00,usd_mxn,17.64,17.66,0.113
2024-07-16 23:26:35+00:00,usd_mxn,17.64,17.66,0.113
2024-07-16 23:26:36+00:00,usd_mxn,17.64,17.66,0.113
2024-07-16 23:26:37+00:00,usd_mxn,17.64,17.66,0.113
2024-07-16 23:26:38+00:00,usd_mxn,17.64,17.66,0.113
2024-07-16 23:26:39+00:00,usd_mxn,17.64,17.66,0.113
2024-07-16 23:26:40+00:00,usd_mxn,17.64,17.66,0.113
2024-07-16 23:26:41+00:00,usd_mxn,17.64,17.66,0.113
2024-07-16 23:26:42+00:00,usd_mxn,17.64,17.66,0.113
2024-07-16 23:26:43+00:00,usd_mxn,17.64,17.66,0.113
2024-07-16 23:26:44+00:00,usd_mxn,17.64,17.66,0.113
2024-07-16 23:26:45+00:00,usd_mxn,17.64,17.66,0.113
2024-07-16 23:26:46+00:00,usd_mxn,17.64,17.66,0.113
2024-07-16 23:26:47+00:00,usd_mxn,17.64,17.66,0.113
2024-07-16 23:26:48+00:00,usd_mxn,17.64,17.66,0.113
2024-07-16 23:26:49+00:00,usd_mxn,17.64,17.66,0.113
2024-07-16 23:26:50+00:00,usd_mxn,17.64,17.66,0.113
2024-07-16 23:26:51+00:00,usd_mxn,17.64,17.66,0.113
2024-07-16 23:26:53+00:00,usd_mxn,17.64,17.66,0.113
2024-07-16 23:26:53+00:00,usd_mxn,17.64,17.66,0.113
2024-07-16 23:26:54+00:00,usd_mxn,17.64,17.66,0.113
2024-07-16 23:26:56+00:00,usd_mxn,17.64,17.66,0.113
2024-07-16 23:26:57+00:00,usd_mxn,17.64,17.66,0.113
2024-07-16 23:26:58+00:00,usd_mxn,17.64,17.66,0.113
2024-07-16 23:26:59+00:00,usd_mxn,17.64,17.66,0.113
2024-07-16 23:27:00+00:00,usd_mxn,17.64,17.66,0.113
2024-07-16 23:27:01+00:00,usd_mxn,17.64,17.66,0.113
2024-07-16 23:27:02+00:00,usd_mxn,17.64,17.66,0.113
2024-07-16 23:27:03+00:00,usd_mxn,17.64,17.66,0.113
2024-07-16 23:27:04+00:00,usd_mxn,17.64,17.66,0.113
2024-07-16 23:27:05+00:00,usd_mxn,17.64,17.66,0.113
2024-07-16 23:27:06+00:00,usd_mxn,17.64,17.66,0.113
2024-07-16 23:27:07+00:00,usd_mxn,17.64,17.66,0.113
2024-07-16 23:27:08+00:00,usd_mxn,17.64,17.66,0.113
2024-07-16 23:27:09+00:00,usd_mxn,17.64,17.66,0.113
2024-07-16 23:27:10+00:00,usd_mxn,17.64,17.66,0.113
2024-07-16 23:27:11+00:00,usd_mxn,17.64,17.66,0.113
2024-07-16 23:27:12+00:00,usd_mxn,17.64,17.66,0.113
2024-07-16 23:27:13+00:00,usd_mxn,17.64,17.66,0.113
2024-07-16 23:27:14+00:00,usd_mxn,17.64,17.66,0.113
2024-07-16 23:27:15+00:00,usd_mxn,17.64,17.66,0.113
2024-07-16 23:27:16+00:00,usd_mxn,17.64,17.66,0.113
2024-07-16 23:27:17+00:00,usd_mxn,17.64,17.66,0.113
2024-07-16 23:27:18+00:00,usd_mxn,17.64,17.66,0.113
2024-07-16 23:27:19+00:00,usd_mxn,17.64,17.66,0.113
2024-07-16 23:27:20+00:00,usd_mxn,17.64,17.66,0.113
2024-07-16 23:27:21+00:00,usd_mxn,17.64,17.66,0.113
2024-07-16 23:27:22+00:00,usd_mxn,17.64,17.66,0.113
2024-07-16 23:27:23+00:00,usd_mxn,17.64,17.66,0.113
2024-07-16 23:27:24+00:00,usd_mxn,17.64,17.66,0.113
2024-07-16 23:27:25+00:00,usd_mxn,17.64,17.66,0.113
2024-07-16 23:27:26+00:00,usd_mxn,17.64,17.66,0.113
2024-07-16 23:27:27+00:00,usd_mxn,17.64,17.66,0.113
2024-07-16 23:27:28+00:00,usd_mxn,17.64,17.66,0.113
2024-07-16 23:27:29+00:00,usd_mxn,17.64,17.66,0.113
2024-07-16 23:27:30+00:00,usd_mxn,17.64,17.66,0.113
2024-07-16 23:27:31+00:00,usd_mxn,17.64,17.66,0.113
2024-07-16 23:27:32+00:00,usd_mxn,17.64,17.66,0.113
2024-07-16 23:27:33+00:00,usd_mxn,17.64,17.66,0.113
2024-07-16 23:27:34+00:00,usd_mxn,17.64,17.66,0.113
2024-07-16 23:27:35+00:00,usd_mxn,17.64,17.66,0.113
2024-07-16 23:27:36+00:00,usd_mxn,17.64,17.66,0.113
2024-07-16 23:27:37+00:00,usd_mxn,17.64,17.66,0.113
2024-07-16 23:27:38+00:00,usd_mxn,17.64,17.66,0.113
2024-07-16 23:27:39+00:00,usd_mxn,17.64,17.66,0.113
2024-07-16 23:27:40+00:00,usd_mxn,17.64,17.66,0.113
2024-07-16 23:27:41+00:00,usd_mxn,17.64,17.66,0.113
2024-07-16 23:27:42+00:00,usd_mxn,17.64,17.66,0.113
2024-07-16 23:27:43+00:00,usd_mxn,17.64,17.66,0.113
2024-07-16 23:27:44+00:00,usd_mxn,17.64,17.66,0.113
2024-07-16 23:27:45+00:00,usd_mxn,17.64,17.66,0.113
2024-07-16 23:27:46+00:00,usd_mxn,17.64,17.66,0.113
2024-07-16 23:27:47+00:00,usd_mxn,17.64,17.66,0.113
2024-07-16 23:27:48+00:00,usd_mxn,17.64,17.66,0.113
2024-07-16 23:27:49+00:00,usd_mxn,17.64,17.66,0.113
2024-07-16 23:27:50+00:00,usd_mxn,17.64,17.66,0.113
2024-07-16 23:27:51+00:00,usd_mxn,17.64,17.66,0.113
2024-07-16 23:27:52+00:00,usd_mxn,17.64,17.66,0.113
2024-07-16 23:27:53+00:00,usd_mxn,17.64,17.66,0.113
2024-07-16 23:27:55+00:00,usd_mxn,17.64,17.66,0.113
2024-07-16 23:27:55+00:00,usd_mxn,17.64,17.66,0.113
2024-07-16 23:27:57+00:00,usd_mxn,17.64,17.66,0.113
2024-07-16 23:27:57+00:00,usd_mxn,17.64,17.66,0.113
2024-07-16 23:27:59+00:00,usd_mxn,17.64,17.66,0.113
2024-07-16 23:28:00+00:00,usd_mxn,17.64,17.66,0.113
2024-07-16 23:28:01+00:00,usd_mxn,17.64,17.66,0.113
2024-07-16 23:28:02+00:00,usd_mxn,17.64,17.66,0.113
2024-07-16 23:28:03+00:00,usd_mxn,17.64,17.66,0.113
2024-07-16 23:28:04+00:00,usd_mxn,17.64,17.66,0.113
2024-07-16 23:28:05+00:00,usd_mxn,17.64,17.66,0.113
2024-07-16 23:28:06+00:00,usd_mxn,17.64,17.66,0.113
2024-07-16 23:28:07+00:00,usd_mxn,17.64,17.66,0.113
2024-07-16 23:28:08+00:00,usd_mxn,17.64,17.66,0.113
2024-07-16 23:28:09+00:00,usd_mxn,17.64,17.66,0.113
2024-07-16 23:28:10+00:00,usd_mxn,17.64,17.66,0.113
2024-07-16 23:28:11+00:00,usd_mxn,17.64,17.66,0.113
2024-07-16 23:28:12+00:00,usd_mxn,17.64,17.66,0.113
2024-07-16 23:28:13+00:00,usd_mxn,17.64,17.66,0.113
2024-07-16 23:28:14+00:00,usd_mxn,17.64,17.66,0.113
2024-07-16 23:28:15+00:00,usd_mxn,17.64,17.66,0.113
2024-07-16 23:28:16+00:00,usd_mxn,17.64,17.66,0.113
2024-07-16 23:28:17+00:00,usd_mxn,17.64,17.66,0.113
2024-07-16 23:28:18+00:00,usd_mxn,17.64,17.66,0.113
2024-07-16 23:28:19+00:00,usd_mxn,17.64,17.66,0.113
2024-07-16 23:28:20+00:00,usd_mxn,17.64,17.66,0.113
2024-07-16 23:28:21+00:00,usd_mxn,17.64,17.66,0.113
2024-07-16 23:28:22+00:00,usd_mxn,17.64,17.66,0.113
2024-07-16 23:28:23+00:00,usd_mxn,17.64,17.66,0.113
2024-07-16 23:28:24+00:00,usd_mxn,17.64,17.66,0.113
2024-07-16 23:28:25+00:00,usd_mxn,17.64,17.66,0.113
2024-07-16 23:28:26+00:00,usd_mxn,17.64,17.66,0.113
2024-07-16 23:28:27+00:00,usd_mxn,17.64,17.66,0.113
2024-07-16 23:28:28+00:00,usd_mxn,17.64,17.66,0.113
2024-07-16 23:28:29+00:00,usd_mxn,17.64,17.66,0.113
2024-07-16 23:28:30+00:00,usd_mxn,17.64,17.66,0.113
2024-07-16 23:28:31+00:00,usd_mxn,17.64,17.66,0.113
2024-07-16 23:28:32+00:00,usd_mxn,17.64,17.66,0.113
2024-07-16 23:28:33+00:00,usd_mxn,17.64,17.66,0.113
2024-07-16 23:28:34+00:00,usd_mxn,17.64,17.66,0.113
2024-07-16 23:28:35+00:00,usd_mxn,17.64,17.66,0.113
2024-07-16 23:28:36+00:00,usd_mxn,17.64,17.66,0.113
2024-07-16 23:28:37+00:00,usd_mxn,17.64,17.66,0.113
2024-07-16 23:28:38+00:00,usd_mxn,17.64,17.66,0.113
2024-07-16 23:28:39+00:00,usd_mxn,17.64,17.66,0.113
2024-07-16 23:28:40+00:00,usd_mxn,17.64,17.66,0.113
2024-07-16 23:28:41+00:00,usd_mxn,17.64,17.66,0.113
2024-07-16 23:28:42+00:00,usd_mxn,17.64,17.66,0.113
2024-07-16 23:28:43+00:00,usd_mxn,17.64,17.66,0.113
2024-07-16 23:28:44+00:00,usd_mxn,17.64,17.66,0.113
2024-07-16 23:28:45+00:00,usd_mxn,17.64,17.66,0.113
2024-07-16 23:28:46+00:00,usd_mxn,17.64,17.66,0.113
2024-07-16 23:28:47+00:00,usd_mxn,17.64,17.66,0.113
2024-07-16 23:28:48+00:00,usd_mxn,17.64,17.66,0.113
2024-07-16 23:28:50+00:00,usd_mxn,17.64,17.66,0.113
2024-07-16 23:28:50+00:00,usd_mxn,17.64,17.66,0.113
2024-07-16 23:28:51+00:00,usd_mxn,17.64,17.66,0.113
2024-07-16 23:28:52+00:00,usd_mxn,17.64,17.66,0.113
2024-07-16 23:28:54+00:00,usd_mxn,17.64,17.66,0.113
2024-07-16 23:28:55+00:00,usd_mxn,17.64,17.66,0.113
2024-07-16 23:28:56+00:00,usd_mxn,17.64,17.66,0.113
2024-07-16 23:28:57+00:00,usd_mxn,17.64,17.66,0.113
2024-07-16 23:28:58+00:00,usd_mxn,17.64,17.66,0.113
2024-07-16 23:28:59+00:00,usd_mxn,17.64,17.66,0.113
2024-07-16 23:29:00+00:00,usd_mxn,17.64,17.66,0.113
2024-07-16 23:29:01+00:00,usd_mxn,17.64,17.66,0.113
2024-07-16 23:29:02+00:00,usd_mxn,17.64,17.66,0.113
2024-07-16 23:29:03+00:00,usd_mxn,17.64,17.66,0.113
2024-07-16 23:29:04+00:00,usd_mxn,17.64,17.66,0.113
2024-07-16 23:29:05+00:00,usd_mxn,17.64,17.66,0.113
2024-07-16 23:29:06+00:00,usd_mxn,17.64,17.66,0.113
2024-07-16 23:29:07+00:00,usd_mxn,17.64,17.66,0.113
2024-07-16 23:29:08+00:00,usd_mxn,17.64,17.66,0.113
2024-07-16 23:29:09+00:00,usd_mxn,17.64,17.66,0.113
2024-07-16 23:29:10+00:00,usd_mxn,17.64,17.66,0.113
2024-07-16 23:29:11+00:00,usd_mxn,17.64,17.66,0.113
2024-07-16 23:29:12+00:00,usd_mxn,17.64,17.66,0.113
2024-07-16 23:29:13+00:00,usd_mxn,17.64,17.66,0.113
2024-07-16 23:29:14+00:00,usd_mxn,17.64,17.66,0.113
2024-07-16 23:29:15+00:00,usd_mxn,17.64,17.66,0.113
2024-07-16 23:29:16+00:00,usd_mxn,17.64,17.66,0.113
2024-07-16 23:29:17+00:00,usd_mxn,17.64,17.66,0.113
2024-07-16 23:29:18+00:00,usd_mxn,17.64,17.66,0.113
2024-07-16 23:29:19+00:00,usd_mxn,17.64,17.66,0.113
2024-07-16 23:29:20+00:00,usd_mxn,17.64,17.66,0.113
2024-07-16 23:29:21+00:00,usd_mxn,17.64,17.66,0.113
2024-07-16 23:29:22+00:00,usd_mxn,17.64,17.66,0.113
2024-07-16 23:29:23+00:00,usd_mxn,17.64,17.66,0.113
2024-07-16 23:29:24+00:00,usd_mxn,17.64,17.66,0.113
2024-07-16 23:29:25+00:00,usd_mxn,17.64,17.66,0.113
2024-07-16 23:29:26+00:00,usd_mxn,17.64,17.66,0.113
2024-07-16 23:29:27+00:00,usd_mxn,17.64,17.66,0.113
2024-07-16 23:29:28+00:00,usd_mxn,17.64,17.66,0.113
2024-07-16 23:29:29+00:00,usd_mxn,17.64,17.66,0.113
2024-07-16 23:29:30+00:00,usd_mxn,17.64,17.66,0.113
2024-07-16 23:29:31+00:00,usd_mxn,17.64,17.66,0.113
2024-07-16 23:29:32+00:00,usd_mxn,17.64,17.66,0.113
2024-07-16 23:29:33+00:00,usd_mxn,17.64,17.66,0.113
2024-07-16 23:29:34+00:00,usd_mxn,17.64,17.66,0.113
2024-07-16 23:29:35+00:00,usd_mxn,17.64,17.66,0.113
2024-07-16 23:29:36+00:00,usd_mxn,17.64,17.66,0.113
2024-07-16 23:29:37+00:00,usd_mxn,17.64,17.66,0.113
2024-07-16 23:29:38+00:00,usd_mxn,17.64,17.66,0.113
2024-07-16 23:29:39+00:00,usd_mxn,17.64,17.66,0.113
2024-07-16 23:29:40+00:00,usd_mxn,17.64,17.66,0.113
2024-07-16 23:29:41+00:00,usd_mxn,17.64,17.66,0.113
2024-07-16 23:29:42+00:00,usd_mxn,17.64,17.66,0.113
2024-07-16 23:29:43+00:00,usd_mxn,17.64,17.66,0.113
2024-07-16 23:29:44+00:00,usd_mxn,17.64,17.66,0.113
2024-07-16 23:29:45+00:00,usd_mxn,17.64,17.66,0.113
2024-07-16 23:29:46+00:00,usd_mxn,17.64,17.66,0.113
2024-07-16 23:29:47+00:00,usd_mxn,17.64,17.66,0.113
2024-07-16 23:29:48+00:00,usd_mxn,17.64,17.66,0.113
2024-07-16 23:29:49+00:00,usd_mxn,17.64,17.66,0.113
2024-07-16 23:29:50+00:00,usd_mxn,17.64,17.66,0.113
2024-07-16 23:29:51+00:00,usd_mxn,17.64,17.66,0.113
2024-07-16 23:29:52+00:00,usd_mxn,17.64,17.66,0.113
2024-07-16 23:29:53+00:00,usd_mxn,17.64,17.66,0.113
2024-07-16 23:29:55+00:00,usd_mxn,17.64,17.66,0.113
2024-07-16 23:29:56+00:00,usd_mxn,17.64,17.66,0.113
2024-07-16 23:29:57+00:00,usd_mxn,17.64,17.66,0.113
2024-07-16 23:29:58+00:00,usd_mxn,17.64,17.66,0.113
2024-07-16 23:29:59+00:00,usd_mxn,17.64,17.66,0.113
2024-07-16 23:30:00+00:00,usd_mxn,17.64,17.66,0.113
2024-07-16 23:30:02+00:00,usd_mxn,17.64,17.66,0.113
2024-07-16 23:30:02+00:00,usd_mxn,17.64,17.66,0.113
2024-07-16 23:30:03+00:00,usd_mxn,17.64,17.66,0.113
2024-07-16 23:30:05+00:00,usd_mxn,17.64,17.66,0.113
2024-07-16 23:30:05+00:00,usd_mxn,17.64,17.66,0.113
2024-07-16 23:30:06+00:00,usd_mxn,17.64,17.66,0.113
2024-07-16 23:30:07+00:00,usd_mxn,17.64,17.66,0.113
2024-07-16 23:30:09+00:00,usd_mxn,17.64,17.66,0.113
2024-07-16 23:30:10+00:00,usd_mxn,17.64,17.66,0.113
2024-07-16 23:30:12+00:00,usd_mxn,17.64,17.66,0.113
2024-07-16 23:30:12+00:00,usd_mxn,17.64,17.66,0.113
2024-07-16 23:30:13+00:00,usd_mxn,17.64,17.66,0.113
2024-07-16 23:30:14+00:00,usd_mxn,17.64,17.66,0.113
2024-07-16 23:30:15+00:00,usd_mxn,17.64,17.66,0.113
2024-07-16 23:30:16+00:00,usd_mxn,17.64,17.66,0.113
2024-07-16 23:30:17+00:00,usd_mxn,17.64,17.66,0.113
2024-07-16 23:30:18+00:00,usd_mxn,17.64,17.66,0.113
2024-07-16 23:30:19+00:00,usd_mxn,17.64,17.66,0.113
2024-07-16 23:30:20+00:00,usd_mxn,17.64,17.66,0.113
2024-07-16 23:30:21+00:00,usd_mxn,17.64,17.66,0.113
2024-07-16 23:30:22+00:00,usd_mxn,17.64,17.66,0.113
2024-07-16 23:30:23+00:00,usd_mxn,17.64,17.66,0.113
2024-07-16 23:30:24+00:00,usd_mxn,17.64,17.66,0.113
2024-07-16 23:30:25+00:00,usd_mxn,17.64,17.66,0.113
2024-07-16 23:30:26+00:00,usd_mxn,17.64,17.66,0.113
2024-07-16 23:30:27+00:00,usd_mxn,17.64,17.66,0.113
2024-07-16 23:30:28+00:00,usd_mxn,17.64,17.66,0.113
2024-07-16 23:30:29+00:00,usd_mxn,17.64,17.66,0.113
2024-07-16 23:30:30+00:00,usd_mxn,17.64,17.66,0.113
2024-07-16 23:30:31+00:00,usd_mxn,17.64,17.66,0.113
2024-07-16 23:30:32+00:00,usd_mxn,17.64,17.66,0.113
2024-07-16 23:30:33+00:00,usd_mxn,17.64,17.66,0.113
2024-07-16 23:30:34+00:00,usd_mxn,17.64,17.66,0.113
2024-07-16 23:30:35+00:00,usd_mxn,17.64,17.66,0.113
2024-07-16 23:30:36+00:00,usd_mxn,17.64,17.66,0.113
2024-07-16 23:30:37+00:00,usd_mxn,17.64,17.66,0.113
2024-07-16 23:30:38+00:00,usd_mxn,17.64,17.66,0.113
2024-07-16 23:30:39+00:00,usd_mxn,17.64,17.66,0.113
2024-07-16 23:30:40+00:00,usd_mxn,17.64,17.66,0.113
2024-07-16 23:30:41+00:00,usd_mxn,17.64,17.66,0.113
2024-07-16 23:30:42+00:00,usd_mxn,17.64,17.66,0.113
2024-07-16 23:30:43+00:00,usd_mxn,17.64,17.66,0.113
2024-07-16 23:30:44+00:00,usd_mxn,17.64,17.66,0.113
2024-07-16 23:30:45+00:00,usd_mxn,17.64,17.66,0.113
2024-07-16 23:30:46+00:00,usd_mxn,17.64,17.66,0.113
2024-07-16 23:30:47+00:00,usd_mxn,17.64,17.66,0.113
2024-07-16 23:30:48+00:00,usd_mxn,17.64,17.66,0.113
2024-07-16 23:30:49+00:00,usd_mxn,17.64,17.66,0.113
2024-07-16 23:30:50+00:00,usd_mxn,17.64,17.66,0.113
2024-07-16 23:30:51+00:00,usd_mxn,17.64,17.66,0.113
2024-07-16 23:30:52+00:00,usd_mxn,17.64,17.66,0.113
2024-07-16 23:30:53+00:00,usd_mxn,17.64,17.66,0.113
2024-07-16 23:30:54+00:00,usd_mxn,17.64,17.66,0.113
2024-07-16 23:30:55+00:00,usd_mxn,17.64,17.66,0.113
2024-07-16 23:30:57+00:00,usd_mxn,17.64,17.66,0.113
2024-07-16 23:30:58+00:00,usd_mxn,17.64,17.66,0.113
2024-07-16 23:30:59+00:00,usd_mxn,17.64,17.66,0.113
2024-07-16 23:31:00+00:00,usd_mxn,17.64,17.66,0.113
2024-07-16 23:31:01+00:00,usd_mxn,17.64,17.66,0.113
2024-07-16 23:31:02+00:00,usd_mxn,17.64,17.66,0.113
2024-07-16 23:31:03+00:00,usd_mxn,17.64,17.66,0.113
2024-07-16 23:31:04+00:00,usd_mxn,17.64,17.66,0.113
2024-07-16 23:31:05+00:00,usd_mxn,17.64,17.66,0.113
2024-07-16 23:31:06+00:00,usd_mxn,17.64,17.66,0.113
2024-07-16 23:31:08+00:00,usd_mxn,17.64,17.66,0.113
2024-07-16 23:31:09+00:00,usd_mxn,17.64,17.66,0.113
2024-07-16 23:31:10+00:00,usd_mxn,17.64,17.66,0.113
2024-07-16 23:31:11+00:00,usd_mxn,17.64,17.66,0.113
2024-07-16 23:31:12+00:00,usd_mxn,17.64,17.66,0.113
2024-07-16 23:31:13+00:00,usd_mxn,17.64,17.66,0.113
2024-07-16 23:31:14+00:00,usd_mxn,17.64,17.66,0.113
2024-07-16 23:31:15+00:00,usd_mxn,17.64,17.66,0.113
2024-07-16 23:31:16+00:00,usd_mxn,17.64,17.66,0.113
2024-07-16 23:31:17+00:00,usd_mxn,17.64,17.66,0.113
2024-07-16 23:31:18+00:00,usd_mxn,17.64,17.66,0.113
2024-07-16 23:31:19+00:00,usd_mxn,17.64,17.66,0.113
2024-07-16 23:31:20+00:00,usd_mxn,17.64,17.66,0.113
2024-07-16 23:31:21+00:00,usd_mxn,17.64,17.66,0.113
2024-07-16 23:31:22+00:00,usd_mxn,17.64,17.66,0.113
2024-07-16 23:31:23+00:00,usd_mxn,17.64,17.66,0.113
2024-07-16 23:31:24+00:00,usd_mxn,17.64,17.66,0.113
2024-07-16 23:31:25+00:00,usd_mxn,17.64,17.66,0.113
2024-07-16 23:31:26+00:00,usd_mxn,17.64,17.66,0.113
2024-07-16 23:31:27+00:00,usd_mxn,17.64,17.66,0.113
2024-07-16 23:31:28+00:00,usd_mxn,17.64,17.66,0.113
2024-07-16 23:31:29+00:00,usd_mxn,17.64,17.66,0.113
2024-07-16 23:31:30+00:00,usd_mxn,17.64,17.66,0.113
2024-07-16 23:31:31+00:00,usd_mxn,17.64,17.66,0.113
2024-07-16 23:31:32+00:00,usd_mxn,17.64,17.66,0.113
2024-07-16 23:31:33+00:00,usd_mxn,17.64,17.66,0.113
2024-07-16 23:31:34+00:00,usd_mxn,17.64,17.66,0.113
2024-07-16 23:31:35+00:00,usd_mxn,17.64,17.66,0.113
2024-07-16 23:31:36+00:00,usd_mxn,17.64,17.66,0.113
2024-07-16 23:31:37+00:00,usd_mxn,17.64,17.66,0.113
2024-07-16 23:31:38+00:00,usd_mxn,17.64,17.66,0.113
2024-07-16 23:31:39+00:00,usd_mxn,17.64,17.66,0.113
2024-07-16 23:31:40+00:00,usd_mxn,17.64,17.66,0.113
2024-07-16 23:31:41+00:00,usd_mxn,17.64,17.66,0.113
2024-07-16 23:31:42+00:00,usd_mxn,17.64,17.66,0.113
2024-07-16 23:31:43+00:00,usd_mxn,17.64,17.65,0.057
2024-07-16 23:31:44+00:00,usd_mxn,17.64,17.65,0.057
2024-07-16 23:31:45+00:00,usd_mxn,17.64,17.65,0.057
2024-07-16 23:31:46+00:00,usd_mxn,17.64,17.65,0.057
2024-07-16 23:31:47+00:00,usd_mxn,17.64,17.65,0.057
2024-07-16 23:31:48+00:00,usd_mxn,17.64,17.65,0.057
2024-07-16 23:31:49+00:00,usd_mxn,17.64,17.65,0.057
2024-07-16 23:31:50+00:00,usd_mxn,17.64,17.65,0.057
2024-07-16 23:31:51+00:00,usd_mxn,17.64,17.65,0.057
2024-07-16 23:31:52+00:00,usd_mxn,17.64,17.65,0.057
2024-07-16 23:31:53+00:00,usd_mxn,17.64,17.65,0.057
2024-07-16 23:31:54+00:00,usd_mxn,17.64,17.65,0.057
2024-07-16 23:31:55+00:00,usd_mxn,17.64,17.65,0.057
2024-07-16 23:31:56+00:00,usd_mxn,17.64,17.65,0.057
2024-07-16 23:31:57+00:00,usd_mxn,17.64,17.65,0.057
2024-07-16 23:31:58+00:00,usd_mxn,17.64,17.65,0.057
2024-07-16 23:31:59+00:00,usd_mxn,17.64,17.65,0.057
2024-07-16 23:32:00+00:00,usd_mxn,17.64,17.65,0.057
2024-07-16 23:32:01+00:00,usd_mxn,17.64,17.65,0.057
2024-07-16 23:32:02+00:00,usd_mxn,17.64,17.65,0.057
2024-07-16 23:32:03+00:00,usd_mxn,17.64,17.65,0.057
2024-07-16 23:32:05+00:00,usd_mxn,17.64,17.65,0.057
2024-07-16 23:32:06+00:00,usd_mxn,17.64,17.65,0.057
2024-07-16 23:32:07+00:00,usd_mxn,17.64,17.65,0.057
2024-07-16 23:32:08+00:00,usd_mxn,17.64,17.65,0.057
2024-07-16 23:32:09+00:00,usd_mxn,17.64,17.65,0.057
2024-07-16 23:32:10+00:00,usd_mxn,17.64,17.65,0.057
2024-07-16 23:32:11+00:00,usd_mxn,17.64,17.65,0.057
2024-07-16 23:32:12+00:00,usd_mxn,17.64,17.65,0.057
2024-07-16 23:32:13+00:00,usd_mxn,17.64,17.65,0.057
2024-07-16 23:32:14+00:00,usd_mxn,17.64,17.65,0.057
2024-07-16 23:32:15+00:00,usd_mxn,17.64,17.65,0.057
2024-07-16 23:32:16+00:00,usd_mxn,17.64,17.65,0.057
2024-07-16 23:32:17+00:00,usd_mxn,17.64,17.65,0.057
2024-07-16 23:32:18+00:00,usd_mxn,17.64,17.65,0.057
2024-07-16 23:32:19+00:00,usd_mxn,17.64,17.65,0.057
2024-07-16 23:32:20+00:00,usd_mxn,17.64,17.65,0.057
2024-07-16 23:32:21+00:00,usd_mxn,17.64,17.65,0.057
2024-07-16 23:32:22+00:00,usd_mxn,17.64,17.65,0.057
2024-07-16 23:32:23+00:00,usd_mxn,17.64,17.65,0.057
2024-07-16 23:32:24+00:00,usd_mxn,17.64,17.65,0.057
2024-07-16 23:32:25+00:00,usd_mxn,17.64,17.65,0.057
2024-07-16 23:32:26+00:00,usd_mxn,17.64,17.65,0.057
2024-07-16 23:32:27+00:00,usd_mxn,17.64,17.65,0.057
2024-07-16 23:32:28+00:00,usd_mxn,17.64,17.65,0.057
2024-07-16 23:32:29+00:00,usd_mxn,17.64,17.65,0.057
2024-07-16 23:32:30+00:00,usd_mxn,17.64,17.65,0.057
2024-07-16 23:32:31+00:00,usd_mxn,17.64,17.65,0.057
2024-07-16 23:32:32+00:00,usd_mxn,17.64,17.65,0.057
2024-07-16 23:32:33+00:00,usd_mxn,17.64,17.65,0.057
2024-07-16 23:32:34+00:00,usd_mxn,17.64,17.65,0.057
2024-07-16 23:32:35+00:00,usd_mxn,17.64,17.65,0.057
2024-07-16 23:32:36+00:00,usd_mxn,17.64,17.65,0.057
2024-07-16 23:32:37+00:00,usd_mxn,17.64,17.65,0.057
2024-07-16 23:32:38+00:00,usd_mxn,17.64,17.65,0.057
2024-07-16 23:32:39+00:00,usd_mxn,17.64,17.65,0.057
2024-07-16 23:32:40+00:00,usd_mxn,17.64,17.65,0.057
2024-07-16 23:32:41+00:00,usd_mxn,17.64,17.65,0.057
2024-07-16 23:32:42+00:00,usd_mxn,17.64,17.65,0.057
2024-07-16 23:32:43+00:00,usd_mxn,17.64,17.65,0.057
2024-07-16 23:32:44+00:00,usd_mxn,17.64,17.65,0.057
2024-07-16 23:32:45+00:00,usd_mxn,17.64,17.65,0.057
