orderbook_timestamp,book,bid,ask,spread
2024-07-18 15:23:50+00:00,btc_mxn,1132109.98,1132110.02,0.0
2024-07-18 15:23:51+00:00,btc_mxn,1132109.98,1132110.02,0.0
2024-07-18 15:23:52+00:00,btc_mxn,1132109.98,1132110.02,0.0
2024-07-18 15:23:53+00:00,btc_mxn,1132109.98,1132110.02,0.0
2024-07-18 15:23:54+00:00,btc_mxn,1132109.98,1132110.02,0.0
2024-07-18 15:23:55+00:00,btc_mxn,1132109.98,1132110.02,0.0
2024-07-18 15:23:56+00:00,btc_mxn,1132109.98,1132110.02,0.0
2024-07-18 15:23:57+00:00,btc_mxn,1132109.98,1132110.02,0.0
2024-07-18 15:23:58+00:00,btc_mxn,1132109.98,1132110.02,0.0
2024-07-18 15:23:59+00:00,btc_mxn,1132109.98,1132110.02,0.0
2024-07-18 15:24:00+00:00,btc_mxn,1132109.98,1132110.02,0.0
2024-07-18 15:24:01+00:00,btc_mxn,1132109.98,1132110.02,0.0
2024-07-18 15:24:02+00:00,btc_mxn,1132109.98,1132110.02,0.0
2024-07-18 15:24:03+00:00,btc_mxn,1132109.98,1132110.02,0.0
2024-07-18 15:24:04+00:00,btc_mxn,1132109.98,1132110.02,0.0
2024-07-18 15:24:05+00:00,btc_mxn,1132109.98,1132110.02,0.0
2024-07-18 15:24:06+00:00,btc_mxn,1132109.98,1132110.02,0.0
2024-07-18 15:24:07+00:00,btc_mxn,1132109.98,1132110.02,0.0
2024-07-18 15:24:08+00:00,btc_mxn,1132109.98,1132110.02,0.0
2024-07-18 15:24:10+00:00,btc_mxn,1132109.98,1132110.02,0.0
2024-07-18 15:24:11+00:00,btc_mxn,1132109.98,1132110.02,0.0
2024-07-18 15:24:12+00:00,btc_mxn,1132109.98,1132110.02,0.0
2024-07-18 15:24:13+00:00,btc_mxn,1132109.98,1132110.02,0.0
2024-07-18 15:24:14+00:00,btc_mxn,1132109.98,1132110.02,0.0
2024-07-18 15:24:15+00:00,btc_mxn,1132109.98,1132110.02,0.0
2024-07-18 15:24:16+00:00,btc_mxn,1132109.98,1132110.02,0.0
2024-07-18 15:24:17+00:00,btc_mxn,1132109.98,1132110.02,0.0
2024-07-18 15:24:18+00:00,btc_mxn,1132109.98,1132110.02,0.0
2024-07-18 15:24:19+00:00,btc_mxn,1132109.98,1132110.02,0.0
2024-07-18 15:24:20+00:00,btc_mxn,1132109.98,1132110.02,0.0
2024-07-18 15:24:21+00:00,btc_mxn,1132109.98,1132110.02,0.0
2024-07-18 15:24:22+00:00,btc_mxn,1132109.98,1132110.02,0.0
2024-07-18 15:24:23+00:00,btc_mxn,1132109.98,1132110.02,0.0
2024-07-18 15:24:24+00:00,btc_mxn,1132109.98,1132110.02,0.0
2024-07-18 15:24:25+00:00,btc_mxn,1132109.98,1132110.02,0.0
2024-07-18 15:24:26+00:00,btc_mxn,1132109.98,1132110.02,0.0
2024-07-18 15:24:27+00:00,btc_mxn,1132109.98,1132110.02,0.0
2024-07-18 15:24:28+00:00,btc_mxn,1132109.98,1132110.02,0.0
2024-07-18 15:24:29+00:00,btc_mxn,1132109.98,1132110.02,0.0
2024-07-18 15:24:30+00:00,btc_mxn,1132109.98,1132110.02,0.0
2024-07-18 15:24:31+00:00,btc_mxn,1132109.98,1132110.02,0.0
2024-07-18 15:24:32+00:00,btc_mxn,1132109.98,1132110.02,0.0
2024-07-18 15:24:33+00:00,btc_mxn,1132109.98,1132110.02,0.0
2024-07-18 15:24:34+00:00,btc_mxn,1132109.98,1132110.02,0.0
2024-07-18 15:24:35+00:00,btc_mxn,1132109.98,1132110.02,0.0
2024-07-18 15:24:36+00:00,btc_mxn,1132109.98,1132110.02,0.0
2024-07-18 15:24:37+00:00,btc_mxn,1132109.98,1132110.02,0.0
2024-07-18 15:24:38+00:00,btc_mxn,1132109.98,1132110.02,0.0
2024-07-18 15:24:39+00:00,btc_mxn,1132109.98,1132110.02,0.0
2024-07-18 15:24:40+00:00,btc_mxn,1132109.98,1132110.02,0.0
2024-07-18 15:24:41+00:00,btc_mxn,1132109.98,1132110.02,0.0
2024-07-18 15:24:42+00:00,btc_mxn,1132109.98,1132110.02,0.0
2024-07-18 15:24:43+00:00,btc_mxn,1132109.98,1132110.02,0.0
2024-07-18 15:24:44+00:00,btc_mxn,1132109.98,1132110.02,0.0
2024-07-18 15:24:45+00:00,btc_mxn,1132109.98,1132110.02,0.0
2024-07-18 15:24:46+00:00,btc_mxn,1132109.98,1132110.02,0.0
2024-07-18 15:24:47+00:00,btc_mxn,1132109.98,1132110.02,0.0
2024-07-18 15:24:48+00:00,btc_mxn,1132109.98,1132110.02,0.0
2024-07-18 15:24:49+00:00,btc_mxn,1132109.98,1132110.02,0.0
2024-07-18 15:24:50+00:00,btc_mxn,1132109.98,1132110.02,0.0
2024-07-18 15:24:51+00:00,btc_mxn,1132109.98,1132110.02,0.0
2024-07-18 15:24:52+00:00,btc_mxn,1132109.98,1132110.02,0.0
2024-07-18 15:24:53+00:00,btc_mxn,1132109.98,1132110.02,0.0
2024-07-18 15:24:54+00:00,btc_mxn,1132109.98,1132110.02,0.0
2024-07-18 15:24:55+00:00,btc_mxn,1132109.98,1132110.02,0.0
2024-07-18 15:24:56+00:00,btc_mxn,1132109.98,1132110.02,0.0
2024-07-18 15:24:57+00:00,btc_mxn,1132109.98,1132110.02,0.0
2024-07-18 15:24:58+00:00,btc_mxn,1132109.98,1132110.02,0.0
2024-07-18 15:24:59+00:00,btc_mxn,1132109.98,1132110.02,0.0
2024-07-18 15:25:01+00:00,btc_mxn,1132109.98,1132110.02,0.0
2024-07-18 15:25:02+00:00,btc_mxn,1132109.98,1132110.02,0.0
2024-07-18 15:25:03+00:00,btc_mxn,1132109.98,1132110.02,0.0
2024-07-18 15:25:04+00:00,btc_mxn,1132109.98,1132110.02,0.0
2024-07-18 15:25:05+00:00,btc_mxn,1132109.98,1132110.02,0.0
2024-07-18 15:25:06+00:00,btc_mxn,1132109.98,1132110.02,0.0
2024-07-18 15:25:07+00:00,btc_mxn,1132109.98,1132110.02,0.0
2024-07-18 15:25:08+00:00,btc_mxn,1132109.98,1132110.02,0.0
2024-07-18 15:25:09+00:00,btc_mxn,1132109.98,1132110.02,0.0
2024-07-18 15:25:10+00:00,btc_mxn,1132109.98,1132110.02,0.0
2024-07-18 15:25:11+00:00,btc_mxn,1132109.98,1132110.02,0.0
2024-07-18 15:25:12+00:00,btc_mxn,1132109.98,1132110.02,0.0
2024-07-18 15:25:13+00:00,btc_mxn,1132109.98,1132110.02,0.0
2024-07-18 15:25:14+00:00,btc_mxn,1132109.98,1132110.02,0.0
2024-07-18 15:25:15+00:00,btc_mxn,1132109.98,1132110.02,0.0
2024-07-18 15:25:16+00:00,btc_mxn,1132109.98,1132110.02,0.0
2024-07-18 15:25:17+00:00,btc_mxn,1132109.98,1132110.02,0.0
2024-07-18 15:25:18+00:00,btc_mxn,1132109.98,1132110.02,0.0
2024-07-18 15:25:19+00:00,btc_mxn,1132109.98,1132110.02,0.0
2024-07-18 15:25:20+00:00,btc_mxn,1132109.98,1132110.02,0.0
2024-07-18 15:25:21+00:00,btc_mxn,1132109.98,1132110.02,0.0
2024-07-18 15:25:22+00:00,btc_mxn,1132109.98,1132110.02,0.0
2024-07-18 15:25:23+00:00,btc_mxn,1132109.98,1132110.02,0.0
2024-07-18 15:25:24+00:00,btc_mxn,1132109.98,1132110.02,0.0
2024-07-18 15:25:25+00:00,btc_mxn,1132109.98,1132110.02,0.0
2024-07-18 15:25:26+00:00,btc_mxn,1132109.98,1132110.02,0.0
2024-07-18 15:25:27+00:00,btc_mxn,1132109.98,1132110.02,0.0
2024-07-18 15:25:28+00:00,btc_mxn,1132109.98,1132110.02,0.0
2024-07-18 15:25:29+00:00,btc_mxn,1132109.98,1132110.02,0.0
2024-07-18 15:25:30+00:00,btc_mxn,1132109.98,1132110.02,0.0
2024-07-18 15:25:31+00:00,btc_mxn,1132109.98,1132110.02,0.0
2024-07-18 15:25:32+00:00,btc_mxn,1132109.98,1132110.02,0.0
2024-07-18 15:25:33+00:00,btc_mxn,1132109.98,1132110.02,0.0
2024-07-18 15:25:34+00:00,btc_mxn,1132109.98,1132110.02,0.0
2024-07-18 15:25:35+00:00,btc_mxn,1132109.98,1132110.02,0.0
2024-07-18 15:25:36+00:00,btc_mxn,1132109.98,1132110.02,0.0
2024-07-18 15:25:37+00:00,btc_mxn,1132109.98,1132110.02,0.0
2024-07-18 15:25:38+00:00,btc_mxn,1132109.98,1132110.02,0.0
2024-07-18 15:25:39+00:00,btc_mxn,1132109.98,1132110.02,0.0
2024-07-18 15:25:40+00:00,btc_mxn,1132109.98,1132110.02,0.0
2024-07-18 15:25:41+00:00,btc_mxn,1132109.98,1132110.02,0.0
2024-07-18 15:25:42+00:00,btc_mxn,1132109.98,1132110.02,0.0
2024-07-18 15:25:43+00:00,btc_mxn,1132109.98,1132110.02,0.0
2024-07-18 15:25:44+00:00,btc_mxn,1132109.98,1132110.02,0.0
2024-07-18 15:25:45+00:00,btc_mxn,1132109.98,1132110.02,0.0
2024-07-18 15:25:46+00:00,btc_mxn,1132109.98,1132110.02,0.0
2024-07-18 15:25:47+00:00,btc_mxn,1132109.98,1132110.02,0.0
2024-07-18 15:25:48+00:00,btc_mxn,1132109.98,1132110.02,0.0
2024-07-18 15:25:49+00:00,btc_mxn,1132109.98,1132110.02,0.0
2024-07-18 15:25:50+00:00,btc_mxn,1132109.98,1132110.02,0.0
2024-07-18 15:25:51+00:00,btc_mxn,1132109.98,1132110.02,0.0
2024-07-18 15:25:52+00:00,btc_mxn,1132109.98,1132110.02,0.0
2024-07-18 15:25:53+00:00,btc_mxn,1132109.98,1132110.02,0.0
2024-07-18 15:25:55+00:00,btc_mxn,1132109.98,1132110.02,0.0
2024-07-18 15:25:56+00:00,btc_mxn,1132109.98,1132110.02,0.0
2024-07-18 15:25:57+00:00,btc_mxn,1132109.98,1132110.02,0.0
2024-07-18 15:25:58+00:00,btc_mxn,1132109.98,1132110.02,0.0
2024-07-18 15:25:59+00:00,btc_mxn,1132109.98,1132110.02,0.0
2024-07-18 15:26:00+00:00,btc_mxn,1132109.98,1132110.02,0.0
2024-07-18 15:26:01+00:00,btc_mxn,1132109.98,1132110.02,0.0
2024-07-18 15:26:02+00:00,btc_mxn,1132109.98,1132110.02,0.0
2024-07-18 15:26:03+00:00,btc_mxn,1132109.98,1132110.02,0.0
2024-07-18 15:26:04+00:00,btc_mxn,1132109.98,1132110.02,0.0
2024-07-18 15:26:05+00:00,btc_mxn,1132109.98,1132110.02,0.0
2024-07-18 15:26:06+00:00,btc_mxn,1131529.98,1131530.02,0.0
2024-07-18 15:26:07+00:00,btc_mxn,1131529.98,1131530.02,0.0
2024-07-18 15:26:08+00:00,btc_mxn,1131529.98,1131530.02,0.0
2024-07-18 15:26:09+00:00,btc_mxn,1131529.98,1131530.02,0.0
2024-07-18 15:26:10+00:00,btc_mxn,1131529.98,1131530.02,0.0
2024-07-18 15:26:11+00:00,btc_mxn,1131529.98,1131530.02,0.0
2024-07-18 15:26:12+00:00,btc_mxn,1131710.0,1133530.0,0.161
2024-07-18 15:26:13+00:00,btc_mxn,1131710.0,1133530.0,0.161
2024-07-18 15:26:14+00:00,btc_mxn,1131710.0,1133530.0,0.161
2024-07-18 15:26:15+00:00,btc_mxn,1132080.0,1133530.0,0.128
2024-07-18 15:26:16+00:00,btc_mxn,1132080.0,1133530.0,0.128
2024-07-18 15:26:17+00:00,btc_mxn,1132080.0,1133530.0,0.128
2024-07-18 15:26:18+00:00,btc_mxn,1132080.0,1133530.0,0.128
2024-07-18 15:26:19+00:00,btc_mxn,1132080.0,1133530.0,0.128
2024-07-18 15:26:20+00:00,btc_mxn,1132080.0,1133530.0,0.128
2024-07-18 15:26:21+00:00,btc_mxn,1132080.0,1133530.0,0.128
2024-07-18 15:26:22+00:00,btc_mxn,1131529.98,1133530.0,0.176
2024-07-18 15:26:23+00:00,btc_mxn,1131529.98,1133530.0,0.176
2024-07-18 15:26:24+00:00,btc_mxn,1131529.98,1133530.0,0.176
2024-07-18 15:26:25+00:00,btc_mxn,1131529.98,1133530.0,0.176
2024-07-18 15:26:26+00:00,btc_mxn,1131529.98,1133530.0,0.176
2024-07-18 15:26:27+00:00,btc_mxn,1131529.98,1133530.0,0.176
2024-07-18 15:26:28+00:00,btc_mxn,1131529.98,1133530.0,0.176
2024-07-18 15:26:29+00:00,btc_mxn,1131529.98,1133530.0,0.176
2024-07-18 15:26:30+00:00,btc_mxn,1131529.98,1133530.0,0.176
2024-07-18 15:26:31+00:00,btc_mxn,1131529.98,1133530.0,0.176
2024-07-18 15:26:32+00:00,btc_mxn,1131529.98,1133530.0,0.176
2024-07-18 15:26:33+00:00,btc_mxn,1131529.98,1133530.0,0.176
2024-07-18 15:26:34+00:00,btc_mxn,1131529.98,1133530.0,0.176
2024-07-18 15:26:35+00:00,btc_mxn,1131529.98,1133530.0,0.176
2024-07-18 15:26:36+00:00,btc_mxn,1131529.98,1133530.0,0.176
2024-07-18 15:26:37+00:00,btc_mxn,1131529.98,1133530.0,0.176
2024-07-18 15:26:38+00:00,btc_mxn,1131529.98,1133530.0,0.176
2024-07-18 15:26:39+00:00,btc_mxn,1131529.98,1133530.0,0.176
2024-07-18 15:26:40+00:00,btc_mxn,1131529.98,1133530.0,0.176
2024-07-18 15:26:41+00:00,btc_mxn,1131529.98,1133530.0,0.176
2024-07-18 15:26:42+00:00,btc_mxn,1131529.98,1133530.0,0.176
2024-07-18 15:26:44+00:00,btc_mxn,1131529.98,1133530.0,0.176
2024-07-18 15:26:45+00:00,btc_mxn,1131529.98,1133530.0,0.176
2024-07-18 15:26:46+00:00,btc_mxn,1131529.98,1133530.0,0.176
2024-07-18 15:26:47+00:00,btc_mxn,1131529.98,1133530.0,0.176
2024-07-18 15:26:48+00:00,btc_mxn,1131529.98,1133530.0,0.176
2024-07-18 15:26:49+00:00,btc_mxn,1131529.98,1133530.0,0.176
2024-07-18 15:26:50+00:00,btc_mxn,1131529.98,1133530.0,0.176
2024-07-18 15:26:51+00:00,btc_mxn,1131529.98,1133530.0,0.176
2024-07-18 15:26:52+00:00,btc_mxn,1131529.98,1133530.0,0.176
2024-07-18 15:26:53+00:00,btc_mxn,1131529.98,1133530.0,0.176
2024-07-18 15:26:54+00:00,btc_mxn,1131529.98,1133530.0,0.176
2024-07-18 15:26:55+00:00,btc_mxn,1131529.98,1133530.0,0.176
2024-07-18 15:26:56+00:00,btc_mxn,1131529.98,1133530.0,0.176
2024-07-18 15:26:57+00:00,btc_mxn,1131529.98,1133530.0,0.176
2024-07-18 15:26:58+00:00,btc_mxn,1131529.98,1133530.0,0.176
2024-07-18 15:26:59+00:00,btc_mxn,1131529.98,1133530.0,0.176
2024-07-18 15:27:00+00:00,btc_mxn,1131529.98,1133530.0,0.176
2024-07-18 15:27:01+00:00,btc_mxn,1131529.98,1133530.0,0.176
2024-07-18 15:27:02+00:00,btc_mxn,1131529.98,1133530.0,0.176
2024-07-18 15:27:03+00:00,btc_mxn,1131529.98,1133530.0,0.176
2024-07-18 15:27:04+00:00,btc_mxn,1131529.98,1133530.0,0.176
2024-07-18 15:27:05+00:00,btc_mxn,1131529.98,1133530.0,0.176
2024-07-18 15:27:06+00:00,btc_mxn,1131529.98,1133530.0,0.176
2024-07-18 15:27:07+00:00,btc_mxn,1131529.98,1133530.0,0.176
2024-07-18 15:27:08+00:00,btc_mxn,1131529.98,1133630.0,0.185
2024-07-18 15:27:09+00:00,btc_mxn,1131529.98,1133630.0,0.185
2024-07-18 15:27:10+00:00,btc_mxn,1131529.98,1133630.0,0.185
2024-07-18 15:27:11+00:00,btc_mxn,1131529.98,1133630.0,0.185
2024-07-18 15:27:12+00:00,btc_mxn,1131529.98,1133630.0,0.185
2024-07-18 15:27:13+00:00,btc_mxn,1131529.98,1133630.0,0.185
2024-07-18 15:27:14+00:00,btc_mxn,1131529.98,1133630.0,0.185
2024-07-18 15:27:15+00:00,btc_mxn,1131529.98,1133630.0,0.185
2024-07-18 15:27:16+00:00,btc_mxn,1131529.98,1133630.0,0.185
2024-07-18 15:27:17+00:00,btc_mxn,1131529.98,1133630.0,0.185
2024-07-18 15:27:18+00:00,btc_mxn,1131529.98,1133630.0,0.185
2024-07-18 15:27:19+00:00,btc_mxn,1131529.98,1133630.0,0.185
2024-07-18 15:27:20+00:00,btc_mxn,1131529.98,1133630.0,0.185
2024-07-18 15:27:21+00:00,btc_mxn,1131529.98,1133630.0,0.185
2024-07-18 15:27:22+00:00,btc_mxn,1131529.98,1133630.0,0.185
2024-07-18 15:27:23+00:00,btc_mxn,1131529.98,1133630.0,0.185
2024-07-18 15:27:24+00:00,btc_mxn,1131529.98,1133630.0,0.185
2024-07-18 15:27:25+00:00,btc_mxn,1131529.98,1133630.0,0.185
2024-07-18 15:27:26+00:00,btc_mxn,1131529.98,1133630.0,0.185
2024-07-18 15:27:27+00:00,btc_mxn,1131529.98,1133630.0,0.185
2024-07-18 15:27:28+00:00,btc_mxn,1131529.98,1133630.0,0.185
2024-07-18 15:27:29+00:00,btc_mxn,1131529.98,1133630.0,0.185
2024-07-18 15:27:30+00:00,btc_mxn,1131529.98,1133630.0,0.185
2024-07-18 15:27:31+00:00,btc_mxn,1131529.98,1133630.0,0.185
2024-07-18 15:27:32+00:00,btc_mxn,1131529.98,1133630.0,0.185
2024-07-18 15:27:33+00:00,btc_mxn,1131529.98,1133630.0,0.185
2024-07-18 15:27:34+00:00,btc_mxn,1131529.98,1133630.0,0.185
2024-07-18 15:27:35+00:00,btc_mxn,1131529.98,1133630.0,0.185
2024-07-18 15:27:36+00:00,btc_mxn,1131529.98,1133630.0,0.185
2024-07-18 15:27:37+00:00,btc_mxn,1131529.98,1133630.0,0.185
2024-07-18 15:27:38+00:00,btc_mxn,1131529.98,1133630.0,0.185
2024-07-18 15:27:39+00:00,btc_mxn,1131529.98,1133630.0,0.185
2024-07-18 15:27:40+00:00,btc_mxn,1131529.98,1133630.0,0.185
2024-07-18 15:27:41+00:00,btc_mxn,1131529.98,1133630.0,0.185
2024-07-18 15:27:42+00:00,btc_mxn,1131529.98,1133630.0,0.185
2024-07-18 15:27:44+00:00,btc_mxn,1131529.98,1133630.0,0.185
2024-07-18 15:27:44+00:00,btc_mxn,1131529.98,1133630.0,0.185
2024-07-18 15:27:46+00:00,btc_mxn,1131529.98,1133630.0,0.185
2024-07-18 15:27:47+00:00,btc_mxn,1131529.98,1133630.0,0.185
2024-07-18 15:27:48+00:00,btc_mxn,1131529.98,1133630.0,0.185
2024-07-18 15:27:49+00:00,btc_mxn,1131529.98,1133630.0,0.185
2024-07-18 15:27:50+00:00,btc_mxn,1131529.98,1133630.0,0.185
2024-07-18 15:27:51+00:00,btc_mxn,1131529.98,1133630.0,0.185
2024-07-18 15:27:52+00:00,btc_mxn,1131529.98,1133630.0,0.185
2024-07-18 15:27:53+00:00,btc_mxn,1131529.98,1133630.0,0.185
2024-07-18 15:27:54+00:00,btc_mxn,1131529.98,1133630.0,0.185
2024-07-18 15:27:55+00:00,btc_mxn,1131529.98,1133630.0,0.185
2024-07-18 15:27:56+00:00,btc_mxn,1131529.98,1133630.0,0.185
2024-07-18 15:27:57+00:00,btc_mxn,1131529.98,1133630.0,0.185
2024-07-18 15:27:58+00:00,btc_mxn,1131529.98,1133630.0,0.185
2024-07-18 15:27:59+00:00,btc_mxn,1131529.98,1133610.0,0.183
2024-07-18 15:28:00+00:00,btc_mxn,1131529.98,1133610.0,0.183
2024-07-18 15:28:01+00:00,btc_mxn,1131529.98,1133570.0,0.18
2024-07-18 15:28:02+00:00,btc_mxn,1131529.98,1133570.0,0.18
2024-07-18 15:28:03+00:00,btc_mxn,1131529.98,1133570.0,0.18
2024-07-18 15:28:04+00:00,btc_mxn,1131529.98,1133610.0,0.183
2024-07-18 15:28:05+00:00,btc_mxn,1131529.98,1133610.0,0.183
2024-07-18 15:28:06+00:00,btc_mxn,1131529.98,1133610.0,0.183
2024-07-18 15:28:07+00:00,btc_mxn,1131529.98,1133630.0,0.185
2024-07-18 15:28:08+00:00,btc_mxn,1131529.98,1133630.0,0.185
2024-07-18 15:28:09+00:00,btc_mxn,1131590.0,1133630.0,0.18
2024-07-18 15:28:10+00:00,btc_mxn,1131590.0,1133630.0,0.18
2024-07-18 15:28:11+00:00,btc_mxn,1131590.0,1133630.0,0.18
2024-07-18 15:28:12+00:00,btc_mxn,1131640.0,1133630.0,0.176
2024-07-18 15:28:13+00:00,btc_mxn,1131640.0,1133630.0,0.176
2024-07-18 15:28:14+00:00,btc_mxn,1131650.0,1133630.0,0.175
2024-07-18 15:28:15+00:00,btc_mxn,1132390.0,1133630.0,0.109
2024-07-18 15:28:16+00:00,btc_mxn,1132380.0,1133630.0,0.11
2024-07-18 15:28:17+00:00,btc_mxn,1132380.0,1133630.0,0.11
2024-07-18 15:28:18+00:00,btc_mxn,1132380.0,1133630.0,0.11
2024-07-18 15:28:19+00:00,btc_mxn,1132380.0,1133630.0,0.11
2024-07-18 15:28:20+00:00,btc_mxn,1131590.0,1133630.0,0.18
2024-07-18 15:28:21+00:00,btc_mxn,1131590.0,1133630.0,0.18
2024-07-18 15:28:22+00:00,btc_mxn,1131590.0,1133630.0,0.18
2024-07-18 15:28:23+00:00,btc_mxn,1131590.0,1133630.0,0.18
2024-07-18 15:28:24+00:00,btc_mxn,1132420.0,1133630.0,0.107
2024-07-18 15:28:25+00:00,btc_mxn,1132420.0,1133630.0,0.107
2024-07-18 15:28:26+00:00,btc_mxn,1132420.0,1133770.0,0.119
2024-07-18 15:28:27+00:00,btc_mxn,1133510.0,1133770.0,0.023
2024-07-18 15:28:28+00:00,btc_mxn,1133590.0,1133770.0,0.016
2024-07-18 15:28:29+00:00,btc_mxn,1133590.0,1133770.0,0.016
2024-07-18 15:28:30+00:00,btc_mxn,1133590.0,1133770.0,0.016
2024-07-18 15:28:31+00:00,btc_mxn,1133590.0,1133770.0,0.016
2024-07-18 15:28:32+00:00,btc_mxn,1133590.0,1133770.0,0.016
2024-07-18 15:28:33+00:00,btc_mxn,1133590.0,1133770.0,0.016
2024-07-18 15:28:34+00:00,btc_mxn,1133590.0,1133770.0,0.016
2024-07-18 15:28:35+00:00,btc_mxn,1133590.0,1133770.0,0.016
2024-07-18 15:28:36+00:00,btc_mxn,1133590.0,1133770.0,0.016
2024-07-18 15:28:37+00:00,btc_mxn,1133590.0,1133770.0,0.016
2024-07-18 15:28:39+00:00,btc_mxn,1133590.0,1133770.0,0.016
2024-07-18 15:28:40+00:00,btc_mxn,1133590.0,1133770.0,0.016
2024-07-18 15:28:41+00:00,btc_mxn,1133590.0,1133770.0,0.016
2024-07-18 15:28:41+00:00,btc_mxn,1133590.0,1133770.0,0.016
2024-07-18 15:28:43+00:00,btc_mxn,1133590.0,1133770.0,0.016
2024-07-18 15:28:44+00:00,btc_mxn,1133590.0,1133770.0,0.016
2024-07-18 15:28:45+00:00,btc_mxn,1133590.0,1133770.0,0.016
2024-07-18 15:28:46+00:00,btc_mxn,1133590.0,1133770.0,0.016
2024-07-18 15:28:47+00:00,btc_mxn,1133590.0,1133770.0,0.016
2024-07-18 15:28:48+00:00,btc_mxn,1133590.0,1133770.0,0.016
2024-07-18 15:28:49+00:00,btc_mxn,1133590.0,1133770.0,0.016
2024-07-18 15:28:50+00:00,btc_mxn,1133590.0,1133770.0,0.016
2024-07-18 15:28:51+00:00,btc_mxn,1133590.0,1133770.0,0.016
2024-07-18 15:28:52+00:00,btc_mxn,1133590.0,1133770.0,0.016
2024-07-18 15:28:53+00:00,btc_mxn,1133590.0,1133770.0,0.016
2024-07-18 15:28:54+00:00,btc_mxn,1133590.0,1133770.0,0.016
2024-07-18 15:28:55+00:00,btc_mxn,1133590.0,1133770.0,0.016
2024-07-18 15:28:56+00:00,btc_mxn,1133590.0,1133770.0,0.016
2024-07-18 15:28:57+00:00,btc_mxn,1133590.0,1133770.0,0.016
2024-07-18 15:28:58+00:00,btc_mxn,1133590.0,1133770.0,0.016
2024-07-18 15:28:59+00:00,btc_mxn,1133590.0,1133770.0,0.016
2024-07-18 15:29:00+00:00,btc_mxn,1133590.0,1133770.0,0.016
2024-07-18 15:29:01+00:00,btc_mxn,1133590.0,1133770.0,0.016
2024-07-18 15:29:02+00:00,btc_mxn,1133590.0,1133770.0,0.016
2024-07-18 15:29:03+00:00,btc_mxn,1133060.0,1133770.0,0.063
2024-07-18 15:29:04+00:00,btc_mxn,1133060.0,1133770.0,0.063
2024-07-18 15:29:05+00:00,btc_mxn,1133060.0,1133770.0,0.063
2024-07-18 15:29:06+00:00,btc_mxn,1132960.0,1133770.0,0.071
2024-07-18 15:29:07+00:00,btc_mxn,1132960.0,1133770.0,0.071
2024-07-18 15:29:08+00:00,btc_mxn,1132960.0,1133770.0,0.071
2024-07-18 15:29:09+00:00,btc_mxn,1132960.0,1133770.0,0.071
2024-07-18 15:29:10+00:00,btc_mxn,1132960.0,1133770.0,0.071
2024-07-18 15:29:11+00:00,btc_mxn,1132960.0,1136550.0,0.316
2024-07-18 15:29:12+00:00,btc_mxn,1132960.0,1136550.0,0.316
2024-07-18 15:29:13+00:00,btc_mxn,1132960.0,1136550.0,0.316
2024-07-18 15:29:14+00:00,btc_mxn,1132960.0,1136550.0,0.316
2024-07-18 15:29:15+00:00,btc_mxn,1133100.0,1136550.0,0.304
2024-07-18 15:29:16+00:00,btc_mxn,1133100.0,1136550.0,0.304
2024-07-18 15:29:17+00:00,btc_mxn,1133150.0,1136550.0,0.299
2024-07-18 15:29:18+00:00,btc_mxn,1133150.0,1136550.0,0.299
2024-07-18 15:29:19+00:00,btc_mxn,1133150.0,1136550.0,0.299
2024-07-18 15:29:20+00:00,btc_mxn,1133150.0,1136550.0,0.299
2024-07-18 15:29:21+00:00,btc_mxn,1133150.0,1136550.0,0.299
2024-07-18 15:29:22+00:00,btc_mxn,1133150.0,1136550.0,0.299
2024-07-18 15:29:23+00:00,btc_mxn,1133150.0,1136550.0,0.299
2024-07-18 15:29:24+00:00,btc_mxn,1133150.0,1136550.0,0.299
2024-07-18 15:29:25+00:00,btc_mxn,1133150.0,1136550.0,0.299
2024-07-18 15:29:26+00:00,btc_mxn,1133150.0,1136550.0,0.299
2024-07-18 15:29:27+00:00,btc_mxn,1133150.0,1136550.0,0.299
2024-07-18 15:29:28+00:00,btc_mxn,1133150.0,1136550.0,0.299
2024-07-18 15:29:29+00:00,btc_mxn,1133150.0,1136550.0,0.299
2024-07-18 15:29:31+00:00,btc_mxn,1133150.0,1136550.0,0.299
2024-07-18 15:29:32+00:00,btc_mxn,1133150.0,1136550.0,0.299
2024-07-18 15:29:33+00:00,btc_mxn,1133150.0,1136550.0,0.299
2024-07-18 15:29:34+00:00,btc_mxn,1133150.0,1136550.0,0.299
2024-07-18 15:29:35+00:00,btc_mxn,1133150.0,1136550.0,0.299
2024-07-18 15:29:36+00:00,btc_mxn,1133150.0,1136550.0,0.299
2024-07-18 15:29:37+00:00,btc_mxn,1133150.0,1136550.0,0.299
2024-07-18 15:29:38+00:00,btc_mxn,1133150.0,1136550.0,0.299
2024-07-18 15:29:39+00:00,btc_mxn,1133150.0,1136550.0,0.299
2024-07-18 15:29:40+00:00,btc_mxn,1133150.0,1136550.0,0.299
2024-07-18 15:29:41+00:00,btc_mxn,1133150.0,1136550.0,0.299
2024-07-18 15:29:42+00:00,btc_mxn,1133150.0,1136550.0,0.299
2024-07-18 15:29:43+00:00,btc_mxn,1133150.0,1136550.0,0.299
2024-07-18 15:29:44+00:00,btc_mxn,1133150.0,1136550.0,0.299
2024-07-18 15:29:45+00:00,btc_mxn,1133150.0,1136550.0,0.299
2024-07-18 15:29:46+00:00,btc_mxn,1133150.0,1136550.0,0.299
2024-07-18 15:29:47+00:00,btc_mxn,1133150.0,1136550.0,0.299
2024-07-18 15:29:48+00:00,btc_mxn,1133150.0,1136550.0,0.299
2024-07-18 15:29:49+00:00,btc_mxn,1133150.0,1136550.0,0.299
2024-07-18 15:29:50+00:00,btc_mxn,1133150.0,1136550.0,0.299
2024-07-18 15:29:51+00:00,btc_mxn,1133150.0,1136550.0,0.299
2024-07-18 15:29:52+00:00,btc_mxn,1133150.0,1136550.0,0.299
2024-07-18 15:29:53+00:00,btc_mxn,1133150.0,1136550.0,0.299
2024-07-18 15:29:54+00:00,btc_mxn,1133150.0,1136550.0,0.299
2024-07-18 15:29:55+00:00,btc_mxn,1133150.0,1136550.0,0.299
2024-07-18 15:29:56+00:00,btc_mxn,1133150.0,1136550.0,0.299
2024-07-18 15:29:57+00:00,btc_mxn,1133150.0,1136550.0,0.299
2024-07-18 15:29:58+00:00,btc_mxn,1133150.0,1136550.0,0.299
2024-07-18 15:29:59+00:00,btc_mxn,1133430.0,1136550.0,0.275
2024-07-18 15:30:00+00:00,btc_mxn,1133430.0,1136550.0,0.275
2024-07-18 15:30:01+00:00,btc_mxn,1133460.0,1136550.0,0.272
2024-07-18 15:30:02+00:00,btc_mxn,1133460.0,1136590.0,0.275
2024-07-18 15:30:03+00:00,btc_mxn,1133460.0,1136590.0,0.275
2024-07-18 15:30:04+00:00,btc_mxn,1133470.0,1136650.0,0.28
2024-07-18 15:30:05+00:00,btc_mxn,1133470.0,1136650.0,0.28
2024-07-18 15:30:06+00:00,btc_mxn,1133500.0,1136640.0,0.276
2024-07-18 15:30:07+00:00,btc_mxn,1133500.0,1136640.0,0.276
2024-07-18 15:30:08+00:00,btc_mxn,1133500.0,1136640.0,0.276
2024-07-18 15:30:09+00:00,btc_mxn,1133550.0,1136610.0,0.269
2024-07-18 15:30:10+00:00,btc_mxn,1133500.0,1136610.0,0.274
2024-07-18 15:30:11+00:00,btc_mxn,1133500.0,1136610.0,0.274
2024-07-18 15:30:12+00:00,btc_mxn,1133500.0,1136610.0,0.274
2024-07-18 15:30:13+00:00,btc_mxn,1133440.0,1136610.0,0.279
2024-07-18 15:30:14+00:00,btc_mxn,1133430.0,1136290.0,0.252
2024-07-18 15:30:15+00:00,btc_mxn,1133670.0,1136660.0,0.263
2024-07-18 15:30:16+00:00,btc_mxn,1133670.0,1136660.0,0.263
2024-07-18 15:30:17+00:00,btc_mxn,1133670.0,1136660.0,0.263
2024-07-18 15:30:18+00:00,btc_mxn,1133670.0,1136660.0,0.263
2024-07-18 15:30:19+00:00,btc_mxn,1133670.0,1136590.0,0.257
2024-07-18 15:30:20+00:00,btc_mxn,1133670.0,1136590.0,0.257
2024-07-18 15:30:21+00:00,btc_mxn,1133670.0,1136590.0,0.257
2024-07-18 15:30:22+00:00,btc_mxn,1133670.0,1136590.0,0.257
2024-07-18 15:30:23+00:00,btc_mxn,1133670.0,1136590.0,0.257
2024-07-18 15:30:24+00:00,btc_mxn,1133670.0,1136590.0,0.257
2024-07-18 15:30:25+00:00,btc_mxn,1133670.0,1136590.0,0.257
2024-07-18 15:30:26+00:00,btc_mxn,1133670.0,1136590.0,0.257
2024-07-18 15:30:27+00:00,btc_mxn,1133670.0,1136590.0,0.257
2024-07-18 15:30:28+00:00,btc_mxn,1133670.0,1136590.0,0.257
2024-07-18 15:30:30+00:00,btc_mxn,1133670.0,1136590.0,0.257
2024-07-18 15:30:31+00:00,btc_mxn,1133670.0,1136590.0,0.257
2024-07-18 15:30:32+00:00,btc_mxn,1133670.0,1136590.0,0.257
2024-07-18 15:30:32+00:00,btc_mxn,1133670.0,1136590.0,0.257
2024-07-18 15:30:34+00:00,btc_mxn,1133670.0,1136590.0,0.257
2024-07-18 15:30:35+00:00,btc_mxn,1133670.0,1136590.0,0.257
2024-07-18 15:30:37+00:00,btc_mxn,1133670.0,1136590.0,0.257
2024-07-18 15:30:38+00:00,btc_mxn,1133670.0,1136590.0,0.257
2024-07-18 15:30:39+00:00,btc_mxn,1133670.0,1136590.0,0.257
2024-07-18 15:30:40+00:00,btc_mxn,1133670.0,1136590.0,0.257
2024-07-18 15:30:41+00:00,btc_mxn,1133670.0,1136590.0,0.257
2024-07-18 15:30:42+00:00,btc_mxn,1133670.0,1136590.0,0.257
2024-07-18 15:30:43+00:00,btc_mxn,1133670.0,1136590.0,0.257
2024-07-18 15:30:44+00:00,btc_mxn,1133670.0,1136590.0,0.257
2024-07-18 15:30:45+00:00,btc_mxn,1133670.0,1136590.0,0.257
2024-07-18 15:30:46+00:00,btc_mxn,1133670.0,1136590.0,0.257
2024-07-18 15:30:47+00:00,btc_mxn,1133670.0,1136590.0,0.257
2024-07-18 15:30:48+00:00,btc_mxn,1133670.0,1136590.0,0.257
2024-07-18 15:30:49+00:00,btc_mxn,1133670.0,1136590.0,0.257
2024-07-18 15:30:50+00:00,btc_mxn,1133670.0,1136590.0,0.257
2024-07-18 15:30:51+00:00,btc_mxn,1133670.0,1136590.0,0.257
2024-07-18 15:30:52+00:00,btc_mxn,1133670.0,1136590.0,0.257
2024-07-18 15:30:53+00:00,btc_mxn,1133670.0,1136590.0,0.257
2024-07-18 15:30:54+00:00,btc_mxn,1133670.0,1136590.0,0.257
2024-07-18 15:30:55+00:00,btc_mxn,1133670.0,1136590.0,0.257
2024-07-18 15:30:56+00:00,btc_mxn,1133670.0,1136590.0,0.257
2024-07-18 15:30:57+00:00,btc_mxn,1133670.0,1136590.0,0.257
2024-07-18 15:30:58+00:00,btc_mxn,1133670.0,1136590.0,0.257
2024-07-18 15:30:59+00:00,btc_mxn,1133670.0,1136590.0,0.257
2024-07-18 15:31:00+00:00,btc_mxn,1133670.0,1136590.0,0.257
2024-07-18 15:31:01+00:00,btc_mxn,1133670.0,1136590.0,0.257
2024-07-18 15:31:02+00:00,btc_mxn,1133670.0,1136590.0,0.257
2024-07-18 15:31:03+00:00,btc_mxn,1133670.0,1136590.0,0.257
2024-07-18 15:31:04+00:00,btc_mxn,1136659.98,1136660.0,0.0
2024-07-18 15:31:05+00:00,btc_mxn,1136659.98,1136660.0,0.0
2024-07-18 15:31:06+00:00,btc_mxn,1136659.98,1136660.0,0.0
2024-07-18 15:31:07+00:00,btc_mxn,1136659.98,1136660.0,0.0
2024-07-18 15:31:08+00:00,btc_mxn,1136659.98,1136660.0,0.0
2024-07-18 15:31:09+00:00,btc_mxn,1136659.98,1136660.0,0.0
2024-07-18 15:31:10+00:00,btc_mxn,1136659.98,1136660.0,0.0
2024-07-18 15:31:11+00:00,btc_mxn,1136659.98,1136660.0,0.0
2024-07-18 15:31:12+00:00,btc_mxn,1136659.98,1136660.0,0.0
2024-07-18 15:31:13+00:00,btc_mxn,1136659.98,1136660.0,0.0
2024-07-18 15:31:14+00:00,btc_mxn,1136659.98,1136660.0,0.0
2024-07-18 15:31:15+00:00,btc_mxn,1136659.98,1136660.0,0.0
2024-07-18 15:31:16+00:00,btc_mxn,1136659.98,1136660.0,0.0
2024-07-18 15:31:17+00:00,btc_mxn,1136659.98,1136660.0,0.0
2024-07-18 15:31:18+00:00,btc_mxn,1136659.98,1136660.0,0.0
2024-07-18 15:31:20+00:00,btc_mxn,1136659.98,1136660.0,0.0
2024-07-18 15:31:20+00:00,btc_mxn,1136659.98,1136660.0,0.0
2024-07-18 15:31:22+00:00,btc_mxn,1136659.98,1136660.0,0.0
2024-07-18 15:31:23+00:00,btc_mxn,1136659.98,1136660.0,0.0
2024-07-18 15:31:24+00:00,btc_mxn,1136659.98,1136660.0,0.0
2024-07-18 15:31:25+00:00,btc_mxn,1136659.98,1136660.0,0.0
2024-07-18 15:31:26+00:00,btc_mxn,1136659.98,1136660.0,0.0
2024-07-18 15:31:27+00:00,btc_mxn,1136659.98,1136660.0,0.0
2024-07-18 15:31:28+00:00,btc_mxn,1136659.98,1136660.0,0.0
2024-07-18 15:31:29+00:00,btc_mxn,1136659.98,1136660.0,0.0
2024-07-18 15:31:30+00:00,btc_mxn,1136659.98,1136660.0,0.0
2024-07-18 15:31:31+00:00,btc_mxn,1136659.98,1136660.0,0.0
2024-07-18 15:31:32+00:00,btc_mxn,1136659.98,1136660.0,0.0
2024-07-18 15:31:33+00:00,btc_mxn,1136659.98,1136660.0,0.0
2024-07-18 15:31:34+00:00,btc_mxn,1136659.98,1136660.0,0.0
2024-07-18 15:31:35+00:00,btc_mxn,1136659.98,1136660.0,0.0
2024-07-18 15:31:36+00:00,btc_mxn,1136659.98,1136660.0,0.0
2024-07-18 15:31:37+00:00,btc_mxn,1136659.98,1136660.0,0.0
2024-07-18 15:31:38+00:00,btc_mxn,1136659.98,1136660.0,0.0
2024-07-18 15:31:39+00:00,btc_mxn,1136659.98,1136660.0,0.0
2024-07-18 15:31:40+00:00,btc_mxn,1136659.98,1136660.0,0.0
2024-07-18 15:31:41+00:00,btc_mxn,1136659.98,1136660.0,0.0
2024-07-18 15:31:42+00:00,btc_mxn,1136659.98,1136660.0,0.0
2024-07-18 15:31:43+00:00,btc_mxn,1136659.98,1136660.0,0.0
2024-07-18 15:31:44+00:00,btc_mxn,1136659.98,1136660.0,0.0
2024-07-18 15:31:45+00:00,btc_mxn,1136659.98,1136660.0,0.0
2024-07-18 15:31:46+00:00,btc_mxn,1136659.98,1136660.0,0.0
2024-07-18 15:31:47+00:00,btc_mxn,1136659.98,1136660.0,0.0
2024-07-18 15:31:48+00:00,btc_mxn,1136659.98,1136660.0,0.0
2024-07-18 15:31:49+00:00,btc_mxn,1136659.98,1136660.0,0.0
2024-07-18 15:31:50+00:00,btc_mxn,1136659.98,1136660.0,0.0
2024-07-18 15:31:51+00:00,btc_mxn,1136659.98,1136660.0,0.0
2024-07-18 15:31:52+00:00,btc_mxn,1136659.98,1136660.0,0.0
2024-07-18 15:31:53+00:00,btc_mxn,1136659.98,1136660.0,0.0
2024-07-18 15:31:54+00:00,btc_mxn,1136659.98,1136660.0,0.0
2024-07-18 15:31:55+00:00,btc_mxn,1136659.98,1136660.0,0.0
2024-07-18 15:31:56+00:00,btc_mxn,1136659.98,1136660.0,0.0
2024-07-18 15:31:57+00:00,btc_mxn,1136659.98,1136660.0,0.0
2024-07-18 15:31:58+00:00,btc_mxn,1136659.98,1136660.0,0.0
2024-07-18 15:31:59+00:00,btc_mxn,1136659.98,1136660.0,0.0
2024-07-18 15:32:00+00:00,btc_mxn,1136659.98,1136660.0,0.0
2024-07-18 15:32:01+00:00,btc_mxn,1136659.98,1136660.0,0.0
2024-07-18 15:32:02+00:00,btc_mxn,1136659.98,1136660.0,0.0
2024-07-18 15:32:04+00:00,btc_mxn,1136659.98,1136660.0,0.0
2024-07-18 15:32:05+00:00,btc_mxn,1136659.98,1136660.0,0.0
2024-07-18 15:32:06+00:00,btc_mxn,1136659.98,1136660.0,0.0
2024-07-18 15:32:07+00:00,btc_mxn,1136659.98,1136660.0,0.0
2024-07-18 15:32:08+00:00,btc_mxn,1136659.98,1136660.02,0.0
2024-07-18 15:32:09+00:00,btc_mxn,1136659.98,1136660.02,0.0
2024-07-18 15:32:10+00:00,btc_mxn,1136659.98,1136660.02,0.0
2024-07-18 15:32:11+00:00,btc_mxn,1136659.98,1136660.02,0.0
2024-07-18 15:32:12+00:00,btc_mxn,1136659.98,1136660.02,0.0
2024-07-18 15:32:13+00:00,btc_mxn,1136659.98,1136660.02,0.0
2024-07-18 15:32:14+00:00,btc_mxn,1136659.98,1136660.02,0.0
2024-07-18 15:32:15+00:00,btc_mxn,1136659.98,1136660.02,0.0
2024-07-18 15:32:16+00:00,btc_mxn,1136659.98,1136660.02,0.0
2024-07-18 15:32:17+00:00,btc_mxn,1136659.98,1136660.02,0.0
2024-07-18 15:32:18+00:00,btc_mxn,1136659.98,1136660.02,0.0
2024-07-18 15:32:19+00:00,btc_mxn,1136659.98,1136660.0,0.0
2024-07-18 15:32:20+00:00,btc_mxn,1136659.98,1136660.0,0.0
2024-07-18 15:32:21+00:00,btc_mxn,1136659.98,1136660.0,0.0
2024-07-18 15:32:22+00:00,btc_mxn,1136659.98,1136660.0,0.0
2024-07-18 15:32:23+00:00,btc_mxn,1136659.98,1136660.0,0.0
2024-07-18 15:32:24+00:00,btc_mxn,1136659.98,1136660.0,0.0
2024-07-18 15:32:25+00:00,btc_mxn,1136659.98,1136660.0,0.0
2024-07-18 15:32:26+00:00,btc_mxn,1136659.98,1136660.0,0.0
2024-07-18 15:32:27+00:00,btc_mxn,1136659.98,1136660.0,0.0
2024-07-18 15:32:28+00:00,btc_mxn,1136659.98,1136660.0,0.0
2024-07-18 15:32:29+00:00,btc_mxn,1136659.98,1136660.0,0.0
2024-07-18 15:32:30+00:00,btc_mxn,1136659.98,1136660.0,0.0
2024-07-18 15:32:31+00:00,btc_mxn,1136659.98,1136660.0,0.0
2024-07-18 15:32:32+00:00,btc_mxn,1136659.98,1136660.0,0.0
2024-07-18 15:32:33+00:00,btc_mxn,1136659.98,1136660.0,0.0
2024-07-18 15:32:34+00:00,btc_mxn,1136659.98,1136660.0,0.0
2024-07-18 15:32:35+00:00,btc_mxn,1136659.98,1136660.0,0.0
2024-07-18 15:32:36+00:00,btc_mxn,1136659.98,1136660.0,0.0
2024-07-18 15:32:37+00:00,btc_mxn,1136659.98,1136660.0,0.0
2024-07-18 15:32:38+00:00,btc_mxn,1136659.98,1136660.0,0.0
2024-07-18 15:32:39+00:00,btc_mxn,1136659.98,1136660.0,0.0
2024-07-18 15:32:40+00:00,btc_mxn,1136659.98,1136660.0,0.0
2024-07-18 15:32:41+00:00,btc_mxn,1136659.98,1136660.0,0.0
2024-07-18 15:32:42+00:00,btc_mxn,1136659.98,1136660.0,0.0
2024-07-18 15:32:43+00:00,btc_mxn,1136659.98,1136660.0,0.0
2024-07-18 15:32:44+00:00,btc_mxn,1136659.98,1136660.0,0.0
2024-07-18 15:32:45+00:00,btc_mxn,1136659.98,1136660.0,0.0
2024-07-18 15:32:46+00:00,btc_mxn,1136659.98,1136660.0,0.0
2024-07-18 15:32:47+00:00,btc_mxn,1136659.98,1136660.0,0.0
2024-07-18 15:32:48+00:00,btc_mxn,1136659.98,1136660.0,0.0
2024-07-18 15:32:49+00:00,btc_mxn,1136659.98,1136660.0,0.0
2024-07-18 15:32:50+00:00,btc_mxn,1136659.98,1136660.0,0.0
2024-07-18 15:32:51+00:00,btc_mxn,1136659.98,1136660.0,0.0
2024-07-18 15:32:52+00:00,btc_mxn,1136659.98,1136660.0,0.0
2024-07-18 15:32:53+00:00,btc_mxn,1136659.98,1136660.0,0.0
2024-07-18 15:32:54+00:00,btc_mxn,1136659.98,1136660.0,0.0
2024-07-18 15:32:55+00:00,btc_mxn,1136659.98,1136660.0,0.0
2024-07-18 15:32:56+00:00,btc_mxn,1136659.98,1136660.0,0.0
2024-07-18 15:32:58+00:00,btc_mxn,1136659.98,1136660.0,0.0
2024-07-18 15:32:58+00:00,btc_mxn,1136659.98,1136660.0,0.0
2024-07-18 15:33:00+00:00,btc_mxn,1136659.98,1136660.0,0.0
2024-07-18 15:33:00+00:00,btc_mxn,1136659.98,1136660.0,0.0
2024-07-18 15:33:02+00:00,btc_mxn,1134500.0,1134900.0,0.035
2024-07-18 15:33:03+00:00,btc_mxn,1134500.0,1134900.0,0.035
2024-07-18 15:33:04+00:00,btc_mxn,1134500.0,1134900.0,0.035
2024-07-18 15:33:05+00:00,btc_mxn,1134500.0,1134900.0,0.035
2024-07-18 15:33:06+00:00,btc_mxn,1134500.0,1134900.0,0.035
2024-07-18 15:33:07+00:00,btc_mxn,1134500.0,1134900.0,0.035
2024-07-18 15:33:08+00:00,btc_mxn,1134500.0,1134900.0,0.035
2024-07-18 15:33:09+00:00,btc_mxn,1134500.0,1134900.0,0.035
2024-07-18 15:33:10+00:00,btc_mxn,1134500.0,1134900.0,0.035
2024-07-18 15:33:11+00:00,btc_mxn,1134500.0,1134900.0,0.035
2024-07-18 15:33:12+00:00,btc_mxn,1134500.0,1134900.0,0.035
2024-07-18 15:33:13+00:00,btc_mxn,1134500.0,1134900.0,0.035
2024-07-18 15:33:14+00:00,btc_mxn,1134500.0,1134900.0,0.035
2024-07-18 15:33:15+00:00,btc_mxn,1134500.0,1134900.0,0.035
2024-07-18 15:33:16+00:00,btc_mxn,1134500.0,1134900.0,0.035
2024-07-18 15:33:17+00:00,btc_mxn,1134500.0,1134900.0,0.035
2024-07-18 15:33:18+00:00,btc_mxn,1134500.0,1134900.0,0.035
2024-07-18 15:33:19+00:00,btc_mxn,1134500.0,1134900.0,0.035
2024-07-18 15:33:20+00:00,btc_mxn,1134500.0,1134900.0,0.035
2024-07-18 15:33:21+00:00,btc_mxn,1134500.0,1134900.0,0.035
2024-07-18 15:33:22+00:00,btc_mxn,1134500.0,1134900.0,0.035
2024-07-18 15:33:23+00:00,btc_mxn,1134500.0,1134900.0,0.035
2024-07-18 15:33:24+00:00,btc_mxn,1134500.0,1134900.0,0.035
2024-07-18 15:33:25+00:00,btc_mxn,1134500.0,1134900.0,0.035
2024-07-18 15:33:26+00:00,btc_mxn,1134500.0,1134900.0,0.035
2024-07-18 15:33:27+00:00,btc_mxn,1134500.0,1134900.0,0.035
2024-07-18 15:33:28+00:00,btc_mxn,1134500.0,1134900.0,0.035
2024-07-18 15:33:29+00:00,btc_mxn,1134500.0,1134900.0,0.035
2024-07-18 15:33:30+00:00,btc_mxn,1134500.0,1134900.0,0.035
2024-07-18 15:33:31+00:00,btc_mxn,1134500.0,1134900.0,0.035
2024-07-18 15:33:32+00:00,btc_mxn,1134500.0,1134900.0,0.035
2024-07-18 15:33:33+00:00,btc_mxn,1134500.0,1134900.0,0.035
2024-07-18 15:33:34+00:00,btc_mxn,1134500.0,1134900.0,0.035
2024-07-18 15:33:35+00:00,btc_mxn,1134500.0,1134900.0,0.035
2024-07-18 15:33:36+00:00,btc_mxn,1134500.0,1134900.0,0.035
2024-07-18 15:33:37+00:00,btc_mxn,1134500.0,1134900.0,0.035
2024-07-18 15:33:38+00:00,btc_mxn,1134500.0,1134900.0,0.035
2024-07-18 15:33:39+00:00,btc_mxn,1134500.0,1134900.0,0.035
2024-07-18 15:33:40+00:00,btc_mxn,1134500.0,1134900.0,0.035
2024-07-18 15:33:41+00:00,btc_mxn,1134500.0,1134900.0,0.035
2024-07-18 15:33:42+00:00,btc_mxn,1134500.0,1134900.0,0.035
2024-07-18 15:33:43+00:00,btc_mxn,1134500.0,1134900.0,0.035
2024-07-18 15:33:44+00:00,btc_mxn,1134500.0,1134900.0,0.035
2024-07-18 15:33:45+00:00,btc_mxn,1134500.0,1134900.0,0.035
2024-07-18 15:33:46+00:00,btc_mxn,1134500.0,1134900.0,0.035
2024-07-18 15:33:47+00:00,btc_mxn,1134500.0,1134900.0,0.035
2024-07-18 15:33:48+00:00,btc_mxn,1134500.0,1134900.0,0.035
2024-07-18 15:33:49+00:00,btc_mxn,1134500.0,1134900.0,0.035
2024-07-18 15:33:50+00:00,btc_mxn,1134500.0,1134900.0,0.035
2024-07-18 15:33:51+00:00,btc_mxn,1134500.0,1134900.0,0.035
2024-07-18 15:33:52+00:00,btc_mxn,1134500.0,1134900.0,0.035
2024-07-18 15:33:54+00:00,btc_mxn,1134500.0,1134900.0,0.035
2024-07-18 15:33:55+00:00,btc_mxn,1134500.0,1134900.0,0.035
2024-07-18 15:33:56+00:00,btc_mxn,1134500.0,1134900.0,0.035
2024-07-18 15:33:57+00:00,btc_mxn,1134500.0,1134900.0,0.035
2024-07-18 15:33:58+00:00,btc_mxn,1134500.0,1134900.0,0.035
2024-07-18 15:33:59+00:00,btc_mxn,1134500.0,1136170.0,0.147
2024-07-18 15:34:00+00:00,btc_mxn,1134500.0,1136170.0,0.147
2024-07-18 15:34:01+00:00,btc_mxn,1134500.0,1136170.0,0.147
2024-07-18 15:34:02+00:00,btc_mxn,1134500.0,1136170.0,0.147
