orderbook_timestamp,book,bid,ask,spread
2024-07-18 17:54:22+00:00,usd_mxn,17.91,17.93,0.112
2024-07-18 17:54:24+00:00,usd_mxn,17.91,17.93,0.112
2024-07-18 17:54:24+00:00,usd_mxn,17.91,17.93,0.112
2024-07-18 17:54:25+00:00,usd_mxn,17.91,17.93,0.112
2024-07-18 17:54:26+00:00,usd_mxn,17.91,17.93,0.112
2024-07-18 17:54:27+00:00,usd_mxn,17.91,17.93,0.112
2024-07-18 17:54:29+00:00,usd_mxn,17.91,17.93,0.112
2024-07-18 17:54:30+00:00,usd_mxn,17.91,17.93,0.112
2024-07-18 17:54:31+00:00,usd_mxn,17.91,17.93,0.112
2024-07-18 17:54:32+00:00,usd_mxn,17.91,17.93,0.112
2024-07-18 17:54:33+00:00,usd_mxn,17.91,17.93,0.112
2024-07-18 17:54:34+00:00,usd_mxn,17.91,17.93,0.112
2024-07-18 17:54:35+00:00,usd_mxn,17.91,17.93,0.112
2024-07-18 17:54:36+00:00,usd_mxn,17.91,17.93,0.112
2024-07-18 17:54:37+00:00,usd_mxn,17.91,17.93,0.112
2024-07-18 17:54:38+00:00,usd_mxn,17.91,17.93,0.112
2024-07-18 17:54:39+00:00,usd_mxn,17.91,17.93,0.112
2024-07-18 17:54:40+00:00,usd_mxn,17.91,17.93,0.112
2024-07-18 17:54:41+00:00,usd_mxn,17.91,17.93,0.112
2024-07-18 17:54:42+00:00,usd_mxn,17.91,17.93,0.112
2024-07-18 17:54:43+00:00,usd_mxn,17.91,17.93,0.112
2024-07-18 17:54:44+00:00,usd_mxn,17.91,17.93,0.112
2024-07-18 17:54:45+00:00,usd_mxn,17.91,17.93,0.112
2024-07-18 17:54:46+00:00,usd_mxn,17.91,17.93,0.112
2024-07-18 17:54:47+00:00,usd_mxn,17.91,17.93,0.112
2024-07-18 17:54:48+00:00,usd_mxn,17.91,17.93,0.112
2024-07-18 17:54:49+00:00,usd_mxn,17.91,17.93,0.112
2024-07-18 17:54:50+00:00,usd_mxn,17.91,17.93,0.112
2024-07-18 17:54:51+00:00,usd_mxn,17.91,17.93,0.112
2024-07-18 17:54:52+00:00,usd_mxn,17.91,17.93,0.112
2024-07-18 17:54:53+00:00,usd_mxn,17.91,17.93,0.112
2024-07-18 17:54:54+00:00,usd_mxn,17.91,17.93,0.112
2024-07-18 17:54:55+00:00,usd_mxn,17.91,17.93,0.112
2024-07-18 17:54:56+00:00,usd_mxn,17.91,17.93,0.112
2024-07-18 17:54:57+00:00,usd_mxn,17.91,17.93,0.112
2024-07-18 17:54:58+00:00,usd_mxn,17.91,17.93,0.112
2024-07-18 17:54:59+00:00,usd_mxn,17.91,17.93,0.112
2024-07-18 17:55:00+00:00,usd_mxn,17.91,17.93,0.112
2024-07-18 17:55:01+00:00,usd_mxn,17.91,17.93,0.112
2024-07-18 17:55:02+00:00,usd_mxn,17.91,17.93,0.112
2024-07-18 17:55:03+00:00,usd_mxn,17.91,17.93,0.112
2024-07-18 17:55:04+00:00,usd_mxn,17.91,17.93,0.112
2024-07-18 17:55:05+00:00,usd_mxn,17.91,17.93,0.112
2024-07-18 17:55:06+00:00,usd_mxn,17.91,17.93,0.112
2024-07-18 17:55:07+00:00,usd_mxn,17.91,17.93,0.112
2024-07-18 17:55:08+00:00,usd_mxn,17.92,17.93,0.056
2024-07-18 17:55:09+00:00,usd_mxn,17.92,17.93,0.056
2024-07-18 17:55:10+00:00,usd_mxn,17.92,17.93,0.056
2024-07-18 17:55:11+00:00,usd_mxn,17.92,17.93,0.056
2024-07-18 17:55:12+00:00,usd_mxn,17.92,17.93,0.056
2024-07-18 17:55:13+00:00,usd_mxn,17.92,17.93,0.056
2024-07-18 17:55:14+00:00,usd_mxn,17.92,17.93,0.056
2024-07-18 17:55:15+00:00,usd_mxn,17.92,17.93,0.056
2024-07-18 17:55:16+00:00,usd_mxn,17.92,17.93,0.056
2024-07-18 17:55:17+00:00,usd_mxn,17.92,17.93,0.056
2024-07-18 17:55:18+00:00,usd_mxn,17.92,17.93,0.056
2024-07-18 17:55:19+00:00,usd_mxn,17.92,17.93,0.056
2024-07-18 17:55:20+00:00,usd_mxn,17.92,17.93,0.056
2024-07-18 17:55:21+00:00,usd_mxn,17.92,17.93,0.056
2024-07-18 17:55:22+00:00,usd_mxn,17.92,17.93,0.056
2024-07-18 17:55:23+00:00,usd_mxn,17.92,17.93,0.056
2024-07-18 17:55:24+00:00,usd_mxn,17.92,17.93,0.056
2024-07-18 17:55:25+00:00,usd_mxn,17.92,17.93,0.056
2024-07-18 17:55:26+00:00,usd_mxn,17.92,17.93,0.056
2024-07-18 17:55:27+00:00,usd_mxn,17.92,17.93,0.056
2024-07-18 17:55:28+00:00,usd_mxn,17.92,17.93,0.056
2024-07-18 17:55:29+00:00,usd_mxn,17.92,17.93,0.056
2024-07-18 17:55:30+00:00,usd_mxn,17.92,17.93,0.056
2024-07-18 17:55:31+00:00,usd_mxn,17.92,17.93,0.056
2024-07-18 17:55:32+00:00,usd_mxn,17.92,17.93,0.056
2024-07-18 17:55:33+00:00,usd_mxn,17.92,17.93,0.056
2024-07-18 17:55:36+00:00,usd_mxn,17.92,17.93,0.056
2024-07-18 17:55:36+00:00,usd_mxn,17.92,17.93,0.056
2024-07-18 17:55:37+00:00,usd_mxn,17.92,17.93,0.056
2024-07-18 17:55:38+00:00,usd_mxn,17.92,17.93,0.056
2024-07-18 17:55:39+00:00,usd_mxn,17.92,17.93,0.056
2024-07-18 17:55:40+00:00,usd_mxn,17.92,17.93,0.056
2024-07-18 17:55:41+00:00,usd_mxn,17.92,17.93,0.056
2024-07-18 17:55:42+00:00,usd_mxn,17.92,17.93,0.056
2024-07-18 17:55:44+00:00,usd_mxn,17.92,17.93,0.056
2024-07-18 17:55:44+00:00,usd_mxn,17.92,17.93,0.056
2024-07-18 17:55:45+00:00,usd_mxn,17.92,17.93,0.056
2024-07-18 17:55:46+00:00,usd_mxn,17.92,17.93,0.056
2024-07-18 17:55:47+00:00,usd_mxn,17.92,17.93,0.056
2024-07-18 17:55:48+00:00,usd_mxn,17.92,17.93,0.056
2024-07-18 17:55:49+00:00,usd_mxn,17.92,17.93,0.056
2024-07-18 17:55:50+00:00,usd_mxn,17.92,17.93,0.056
2024-07-18 17:55:51+00:00,usd_mxn,17.92,17.93,0.056
2024-07-18 17:55:52+00:00,usd_mxn,17.92,17.93,0.056
2024-07-18 17:55:53+00:00,usd_mxn,17.92,17.93,0.056
2024-07-18 17:55:54+00:00,usd_mxn,17.92,17.93,0.056
2024-07-18 17:55:55+00:00,usd_mxn,17.92,17.93,0.056
2024-07-18 17:55:56+00:00,usd_mxn,17.92,17.93,0.056
2024-07-18 17:55:57+00:00,usd_mxn,17.92,17.93,0.056
2024-07-18 17:55:58+00:00,usd_mxn,17.92,17.93,0.056
2024-07-18 17:55:59+00:00,usd_mxn,17.92,17.93,0.056
2024-07-18 17:56:00+00:00,usd_mxn,17.92,17.93,0.056
2024-07-18 17:56:01+00:00,usd_mxn,17.92,17.93,0.056
2024-07-18 17:56:02+00:00,usd_mxn,17.92,17.93,0.056
2024-07-18 17:56:03+00:00,usd_mxn,17.92,17.93,0.056
2024-07-18 17:56:04+00:00,usd_mxn,17.92,17.93,0.056
2024-07-18 17:56:05+00:00,usd_mxn,17.92,17.93,0.056
2024-07-18 17:56:06+00:00,usd_mxn,17.92,17.93,0.056
2024-07-18 17:56:07+00:00,usd_mxn,17.92,17.93,0.056
2024-07-18 17:56:08+00:00,usd_mxn,17.92,17.93,0.056
2024-07-18 17:56:09+00:00,usd_mxn,17.92,17.93,0.056
2024-07-18 17:56:10+00:00,usd_mxn,17.92,17.93,0.056
2024-07-18 17:56:11+00:00,usd_mxn,17.92,17.93,0.056
2024-07-18 17:56:12+00:00,usd_mxn,17.92,17.93,0.056
2024-07-18 17:56:13+00:00,usd_mxn,17.92,17.93,0.056
2024-07-18 17:56:14+00:00,usd_mxn,17.92,17.93,0.056
2024-07-18 17:56:15+00:00,usd_mxn,17.92,17.93,0.056
2024-07-18 17:56:16+00:00,usd_mxn,17.92,17.93,0.056
2024-07-18 17:56:17+00:00,usd_mxn,17.92,17.93,0.056
2024-07-18 17:56:18+00:00,usd_mxn,17.92,17.93,0.056
2024-07-18 17:56:19+00:00,usd_mxn,17.92,17.93,0.056
2024-07-18 17:56:20+00:00,usd_mxn,17.92,17.93,0.056
2024-07-18 17:56:22+00:00,usd_mxn,17.92,17.93,0.056
2024-07-18 17:56:22+00:00,usd_mxn,17.92,17.93,0.056
2024-07-18 17:56:23+00:00,usd_mxn,17.92,17.93,0.056
2024-07-18 17:56:25+00:00,usd_mxn,17.92,17.93,0.056
2024-07-18 17:56:26+00:00,usd_mxn,17.92,17.93,0.056
2024-07-18 17:56:27+00:00,usd_mxn,17.92,17.93,0.056
2024-07-18 17:56:28+00:00,usd_mxn,17.92,17.93,0.056
2024-07-18 17:56:29+00:00,usd_mxn,17.92,17.93,0.056
2024-07-18 17:56:30+00:00,usd_mxn,17.92,17.93,0.056
2024-07-18 17:56:31+00:00,usd_mxn,17.92,17.93,0.056
2024-07-18 17:56:32+00:00,usd_mxn,17.92,17.93,0.056
2024-07-18 17:56:33+00:00,usd_mxn,17.92,17.93,0.056
2024-07-18 17:56:34+00:00,usd_mxn,17.92,17.93,0.056
2024-07-18 17:56:35+00:00,usd_mxn,17.92,17.93,0.056
2024-07-18 17:56:36+00:00,usd_mxn,17.92,17.93,0.056
2024-07-18 17:56:37+00:00,usd_mxn,17.92,17.93,0.056
2024-07-18 17:56:38+00:00,usd_mxn,17.92,17.93,0.056
2024-07-18 17:56:39+00:00,usd_mxn,17.92,17.93,0.056
2024-07-18 17:56:40+00:00,usd_mxn,17.92,17.93,0.056
2024-07-18 17:56:41+00:00,usd_mxn,17.92,17.93,0.056
2024-07-18 17:56:42+00:00,usd_mxn,17.92,17.93,0.056
2024-07-18 17:56:43+00:00,usd_mxn,17.92,17.93,0.056
2024-07-18 17:56:44+00:00,usd_mxn,17.92,17.93,0.056
2024-07-18 17:56:45+00:00,usd_mxn,17.92,17.93,0.056
2024-07-18 17:56:46+00:00,usd_mxn,17.92,17.93,0.056
2024-07-18 17:56:47+00:00,usd_mxn,17.92,17.93,0.056
2024-07-18 17:56:48+00:00,usd_mxn,17.92,17.93,0.056
2024-07-18 17:56:49+00:00,usd_mxn,17.92,17.93,0.056
2024-07-18 17:56:50+00:00,usd_mxn,17.92,17.93,0.056
2024-07-18 17:56:51+00:00,usd_mxn,17.92,17.93,0.056
2024-07-18 17:56:52+00:00,usd_mxn,17.92,17.93,0.056
2024-07-18 17:56:53+00:00,usd_mxn,17.92,17.93,0.056
2024-07-18 17:56:54+00:00,usd_mxn,17.92,17.93,0.056
2024-07-18 17:56:55+00:00,usd_mxn,17.92,17.93,0.056
2024-07-18 17:56:56+00:00,usd_mxn,17.92,17.93,0.056
2024-07-18 17:56:57+00:00,usd_mxn,17.92,17.93,0.056
2024-07-18 17:56:58+00:00,usd_mxn,17.92,17.93,0.056
2024-07-18 17:56:59+00:00,usd_mxn,17.92,17.93,0.056
2024-07-18 17:57:00+00:00,usd_mxn,17.92,17.93,0.056
2024-07-18 17:57:02+00:00,usd_mxn,17.92,17.93,0.056
2024-07-18 17:57:02+00:00,usd_mxn,17.92,17.93,0.056
2024-07-18 17:57:03+00:00,usd_mxn,17.92,17.93,0.056
2024-07-18 17:57:04+00:00,usd_mxn,17.92,17.93,0.056
2024-07-18 17:57:05+00:00,usd_mxn,17.92,17.93,0.056
2024-07-18 17:57:06+00:00,usd_mxn,17.92,17.93,0.056
2024-07-18 17:57:07+00:00,usd_mxn,17.92,17.93,0.056
2024-07-18 17:57:09+00:00,usd_mxn,17.92,17.93,0.056
2024-07-18 17:57:10+00:00,usd_mxn,17.92,17.93,0.056
2024-07-18 17:57:11+00:00,usd_mxn,17.92,17.93,0.056
2024-07-18 17:57:12+00:00,usd_mxn,17.92,17.93,0.056
2024-07-18 17:57:13+00:00,usd_mxn,17.92,17.93,0.056
2024-07-18 17:57:14+00:00,usd_mxn,17.92,17.93,0.056
2024-07-18 17:57:15+00:00,usd_mxn,17.92,17.93,0.056
2024-07-18 17:57:16+00:00,usd_mxn,17.92,17.93,0.056
2024-07-18 17:57:17+00:00,usd_mxn,17.92,17.93,0.056
2024-07-18 17:57:18+00:00,usd_mxn,17.92,17.93,0.056
2024-07-18 17:57:19+00:00,usd_mxn,17.92,17.93,0.056
2024-07-18 17:57:20+00:00,usd_mxn,17.92,17.93,0.056
2024-07-18 17:57:21+00:00,usd_mxn,17.92,17.93,0.056
2024-07-18 17:57:22+00:00,usd_mxn,17.92,17.93,0.056
2024-07-18 17:57:23+00:00,usd_mxn,17.92,17.93,0.056
2024-07-18 17:57:24+00:00,usd_mxn,17.92,17.93,0.056
2024-07-18 17:57:25+00:00,usd_mxn,17.92,17.93,0.056
2024-07-18 17:57:26+00:00,usd_mxn,17.92,17.93,0.056
2024-07-18 17:57:27+00:00,usd_mxn,17.92,17.93,0.056
2024-07-18 17:57:28+00:00,usd_mxn,17.92,17.93,0.056
2024-07-18 17:57:29+00:00,usd_mxn,17.92,17.93,0.056
2024-07-18 17:57:30+00:00,usd_mxn,17.92,17.93,0.056
2024-07-18 17:57:31+00:00,usd_mxn,17.92,17.93,0.056
2024-07-18 17:57:32+00:00,usd_mxn,17.92,17.93,0.056
2024-07-18 17:57:33+00:00,usd_mxn,17.92,17.93,0.056
2024-07-18 17:57:34+00:00,usd_mxn,17.92,17.93,0.056
2024-07-18 17:57:35+00:00,usd_mxn,17.92,17.93,0.056
2024-07-18 17:57:36+00:00,usd_mxn,17.92,17.93,0.056
2024-07-18 17:57:37+00:00,usd_mxn,17.92,17.93,0.056
2024-07-18 17:57:38+00:00,usd_mxn,17.92,17.93,0.056
2024-07-18 17:57:39+00:00,usd_mxn,17.92,17.93,0.056
2024-07-18 17:57:40+00:00,usd_mxn,17.92,17.93,0.056
2024-07-18 17:57:41+00:00,usd_mxn,17.92,17.93,0.056
2024-07-18 17:57:42+00:00,usd_mxn,17.92,17.93,0.056
2024-07-18 17:57:43+00:00,usd_mxn,17.92,17.93,0.056
2024-07-18 17:57:44+00:00,usd_mxn,17.92,17.93,0.056
2024-07-18 17:57:45+00:00,usd_mxn,17.92,17.93,0.056
2024-07-18 17:57:46+00:00,usd_mxn,17.92,17.93,0.056
2024-07-18 17:57:47+00:00,usd_mxn,17.92,17.93,0.056
2024-07-18 17:57:48+00:00,usd_mxn,17.92,17.93,0.056
2024-07-18 17:57:49+00:00,usd_mxn,17.92,17.93,0.056
2024-07-18 17:57:50+00:00,usd_mxn,17.92,17.93,0.056
2024-07-18 17:57:51+00:00,usd_mxn,17.92,17.93,0.056
2024-07-18 17:57:52+00:00,usd_mxn,17.92,17.93,0.056
2024-07-18 17:57:53+00:00,usd_mxn,17.92,17.93,0.056
2024-07-18 17:57:54+00:00,usd_mxn,17.92,17.93,0.056
2024-07-18 17:57:55+00:00,usd_mxn,17.92,17.93,0.056
2024-07-18 17:57:56+00:00,usd_mxn,17.92,17.93,0.056
2024-07-18 17:57:57+00:00,usd_mxn,17.92,17.93,0.056
2024-07-18 17:57:58+00:00,usd_mxn,17.92,17.93,0.056
2024-07-18 17:57:59+00:00,usd_mxn,17.92,17.93,0.056
2024-07-18 17:58:00+00:00,usd_mxn,17.92,17.93,0.056
2024-07-18 17:58:01+00:00,usd_mxn,17.92,17.93,0.056
2024-07-18 17:58:02+00:00,usd_mxn,17.92,17.93,0.056
2024-07-18 17:58:03+00:00,usd_mxn,17.92,17.93,0.056
2024-07-18 17:58:04+00:00,usd_mxn,17.92,17.93,0.056
2024-07-18 17:58:05+00:00,usd_mxn,17.92,17.93,0.056
2024-07-18 17:58:06+00:00,usd_mxn,17.92,17.93,0.056
2024-07-18 17:58:07+00:00,usd_mxn,17.92,17.93,0.056
2024-07-18 17:58:08+00:00,usd_mxn,17.92,17.93,0.056
2024-07-18 17:58:09+00:00,usd_mxn,17.92,17.93,0.056
2024-07-18 17:58:11+00:00,usd_mxn,17.92,17.93,0.056
2024-07-18 17:58:11+00:00,usd_mxn,17.92,17.93,0.056
2024-07-18 17:58:12+00:00,usd_mxn,17.92,17.93,0.056
2024-07-18 17:58:13+00:00,usd_mxn,17.92,17.93,0.056
2024-07-18 17:58:14+00:00,usd_mxn,17.92,17.93,0.056
2024-07-18 17:58:16+00:00,usd_mxn,17.92,17.93,0.056
2024-07-18 17:58:17+00:00,usd_mxn,17.92,17.93,0.056
2024-07-18 17:58:18+00:00,usd_mxn,17.92,17.93,0.056
2024-07-18 17:58:19+00:00,usd_mxn,17.92,17.93,0.056
2024-07-18 17:58:20+00:00,usd_mxn,17.92,17.93,0.056
2024-07-18 17:58:21+00:00,usd_mxn,17.92,17.93,0.056
2024-07-18 17:58:22+00:00,usd_mxn,17.92,17.93,0.056
2024-07-18 17:58:23+00:00,usd_mxn,17.92,17.93,0.056
2024-07-18 17:58:24+00:00,usd_mxn,17.92,17.93,0.056
2024-07-18 17:58:25+00:00,usd_mxn,17.92,17.93,0.056
2024-07-18 17:58:26+00:00,usd_mxn,17.92,17.93,0.056
2024-07-18 17:58:27+00:00,usd_mxn,17.92,17.93,0.056
2024-07-18 17:58:28+00:00,usd_mxn,17.92,17.93,0.056
2024-07-18 17:58:29+00:00,usd_mxn,17.92,17.93,0.056
2024-07-18 17:58:30+00:00,usd_mxn,17.92,17.93,0.056
2024-07-18 17:58:31+00:00,usd_mxn,17.92,17.93,0.056
2024-07-18 17:58:32+00:00,usd_mxn,17.92,17.93,0.056
2024-07-18 17:58:33+00:00,usd_mxn,17.92,17.93,0.056
2024-07-18 17:58:34+00:00,usd_mxn,17.92,17.93,0.056
2024-07-18 17:58:35+00:00,usd_mxn,17.92,17.93,0.056
2024-07-18 17:58:36+00:00,usd_mxn,17.92,17.93,0.056
2024-07-18 17:58:37+00:00,usd_mxn,17.92,17.93,0.056
2024-07-18 17:58:38+00:00,usd_mxn,17.92,17.93,0.056
2024-07-18 17:58:39+00:00,usd_mxn,17.92,17.93,0.056
2024-07-18 17:58:40+00:00,usd_mxn,17.92,17.93,0.056
2024-07-18 17:58:41+00:00,usd_mxn,17.92,17.93,0.056
2024-07-18 17:58:43+00:00,usd_mxn,17.92,17.93,0.056
2024-07-18 17:58:43+00:00,usd_mxn,17.92,17.93,0.056
2024-07-18 17:58:44+00:00,usd_mxn,17.92,17.93,0.056
2024-07-18 17:58:45+00:00,usd_mxn,17.92,17.93,0.056
2024-07-18 17:58:46+00:00,usd_mxn,17.92,17.93,0.056
2024-07-18 17:58:47+00:00,usd_mxn,17.92,17.93,0.056
2024-07-18 17:58:48+00:00,usd_mxn,17.92,17.93,0.056
2024-07-18 17:58:49+00:00,usd_mxn,17.92,17.93,0.056
2024-07-18 17:58:50+00:00,usd_mxn,17.92,17.93,0.056
2024-07-18 17:58:51+00:00,usd_mxn,17.92,17.93,0.056
2024-07-18 17:58:52+00:00,usd_mxn,17.92,17.93,0.056
2024-07-18 17:58:53+00:00,usd_mxn,17.92,17.93,0.056
2024-07-18 17:58:54+00:00,usd_mxn,17.92,17.93,0.056
2024-07-18 17:58:55+00:00,usd_mxn,17.92,17.93,0.056
2024-07-18 17:58:56+00:00,usd_mxn,17.92,17.93,0.056
2024-07-18 17:58:57+00:00,usd_mxn,17.92,17.93,0.056
2024-07-18 17:58:58+00:00,usd_mxn,17.92,17.93,0.056
2024-07-18 17:58:59+00:00,usd_mxn,17.92,17.93,0.056
2024-07-18 17:59:00+00:00,usd_mxn,17.92,17.93,0.056
2024-07-18 17:59:01+00:00,usd_mxn,17.92,17.93,0.056
2024-07-18 17:59:02+00:00,usd_mxn,17.92,17.93,0.056
2024-07-18 17:59:03+00:00,usd_mxn,17.92,17.93,0.056
2024-07-18 17:59:04+00:00,usd_mxn,17.92,17.93,0.056
2024-07-18 17:59:05+00:00,usd_mxn,17.92,17.93,0.056
2024-07-18 17:59:07+00:00,usd_mxn,17.92,17.93,0.056
2024-07-18 17:59:07+00:00,usd_mxn,17.92,17.93,0.056
2024-07-18 17:59:08+00:00,usd_mxn,17.92,17.93,0.056
2024-07-18 17:59:09+00:00,usd_mxn,17.92,17.93,0.056
2024-07-18 17:59:10+00:00,usd_mxn,17.92,17.93,0.056
2024-07-18 17:59:11+00:00,usd_mxn,17.92,17.93,0.056
2024-07-18 17:59:12+00:00,usd_mxn,17.92,17.93,0.056
2024-07-18 17:59:13+00:00,usd_mxn,17.92,17.93,0.056
2024-07-18 17:59:14+00:00,usd_mxn,17.92,17.93,0.056
2024-07-18 17:59:16+00:00,usd_mxn,17.92,17.93,0.056
2024-07-18 17:59:16+00:00,usd_mxn,17.92,17.93,0.056
2024-07-18 17:59:18+00:00,usd_mxn,17.92,17.93,0.056
2024-07-18 17:59:19+00:00,usd_mxn,17.92,17.93,0.056
2024-07-18 17:59:20+00:00,usd_mxn,17.92,17.93,0.056
2024-07-18 17:59:21+00:00,usd_mxn,17.92,17.93,0.056
2024-07-18 17:59:22+00:00,usd_mxn,17.92,17.93,0.056
2024-07-18 17:59:23+00:00,usd_mxn,17.92,17.93,0.056
2024-07-18 17:59:24+00:00,usd_mxn,17.92,17.93,0.056
2024-07-18 17:59:25+00:00,usd_mxn,17.92,17.93,0.056
2024-07-18 17:59:26+00:00,usd_mxn,17.92,17.93,0.056
2024-07-18 17:59:27+00:00,usd_mxn,17.92,17.93,0.056
2024-07-18 17:59:28+00:00,usd_mxn,17.92,17.93,0.056
2024-07-18 17:59:29+00:00,usd_mxn,17.92,17.93,0.056
2024-07-18 17:59:30+00:00,usd_mxn,17.92,17.93,0.056
2024-07-18 17:59:31+00:00,usd_mxn,17.92,17.93,0.056
2024-07-18 17:59:32+00:00,usd_mxn,17.92,17.93,0.056
2024-07-18 17:59:33+00:00,usd_mxn,17.92,17.93,0.056
2024-07-18 17:59:34+00:00,usd_mxn,17.92,17.93,0.056
2024-07-18 17:59:35+00:00,usd_mxn,17.92,17.93,0.056
2024-07-18 17:59:36+00:00,usd_mxn,17.92,17.93,0.056
2024-07-18 17:59:37+00:00,usd_mxn,17.92,17.93,0.056
2024-07-18 17:59:38+00:00,usd_mxn,17.92,17.93,0.056
2024-07-18 17:59:39+00:00,usd_mxn,17.92,17.93,0.056
2024-07-18 17:59:40+00:00,usd_mxn,17.92,17.93,0.056
2024-07-18 17:59:41+00:00,usd_mxn,17.92,17.93,0.056
2024-07-18 17:59:42+00:00,usd_mxn,17.92,17.93,0.056
2024-07-18 17:59:43+00:00,usd_mxn,17.92,17.93,0.056
2024-07-18 17:59:44+00:00,usd_mxn,17.92,17.93,0.056
2024-07-18 17:59:45+00:00,usd_mxn,17.92,17.93,0.056
2024-07-18 17:59:46+00:00,usd_mxn,17.92,17.93,0.056
2024-07-18 17:59:47+00:00,usd_mxn,17.92,17.93,0.056
2024-07-18 17:59:48+00:00,usd_mxn,17.92,17.93,0.056
2024-07-18 17:59:49+00:00,usd_mxn,17.92,17.93,0.056
2024-07-18 17:59:50+00:00,usd_mxn,17.92,17.93,0.056
2024-07-18 17:59:51+00:00,usd_mxn,17.92,17.93,0.056
2024-07-18 17:59:52+00:00,usd_mxn,17.92,17.93,0.056
2024-07-18 17:59:53+00:00,usd_mxn,17.92,17.93,0.056
2024-07-18 17:59:54+00:00,usd_mxn,17.92,17.93,0.056
2024-07-18 17:59:55+00:00,usd_mxn,17.92,17.93,0.056
2024-07-18 17:59:56+00:00,usd_mxn,17.92,17.93,0.056
2024-07-18 17:59:57+00:00,usd_mxn,17.92,17.93,0.056
2024-07-18 17:59:58+00:00,usd_mxn,17.92,17.93,0.056
2024-07-18 17:59:59+00:00,usd_mxn,17.92,17.93,0.056
2024-07-18 18:00:00+00:00,usd_mxn,17.92,17.93,0.056
2024-07-18 18:00:01+00:00,usd_mxn,17.92,17.93,0.056
2024-07-18 18:00:02+00:00,usd_mxn,17.92,17.93,0.056
2024-07-18 18:00:03+00:00,usd_mxn,17.92,17.93,0.056
2024-07-18 18:00:04+00:00,usd_mxn,17.92,17.93,0.056
2024-07-18 18:00:05+00:00,usd_mxn,17.92,17.93,0.056
2024-07-18 18:00:06+00:00,usd_mxn,17.92,17.93,0.056
2024-07-18 18:00:07+00:00,usd_mxn,17.92,17.93,0.056
2024-07-18 18:00:08+00:00,usd_mxn,17.92,17.93,0.056
2024-07-18 18:00:09+00:00,usd_mxn,17.92,17.93,0.056
2024-07-18 18:00:10+00:00,usd_mxn,17.92,17.93,0.056
2024-07-18 18:00:11+00:00,usd_mxn,17.92,17.93,0.056
2024-07-18 18:00:12+00:00,usd_mxn,17.92,17.93,0.056
2024-07-18 18:00:14+00:00,usd_mxn,17.92,17.93,0.056
2024-07-18 18:00:15+00:00,usd_mxn,17.92,17.93,0.056
2024-07-18 18:00:16+00:00,usd_mxn,17.92,17.93,0.056
2024-07-18 18:00:17+00:00,usd_mxn,17.92,17.93,0.056
2024-07-18 18:00:18+00:00,usd_mxn,17.92,17.93,0.056
2024-07-18 18:00:19+00:00,usd_mxn,17.92,17.93,0.056
2024-07-18 18:00:20+00:00,usd_mxn,17.92,17.93,0.056
2024-07-18 18:00:21+00:00,usd_mxn,17.92,17.93,0.056
2024-07-18 18:00:22+00:00,usd_mxn,17.92,17.93,0.056
2024-07-18 18:00:23+00:00,usd_mxn,17.92,17.93,0.056
2024-07-18 18:00:24+00:00,usd_mxn,17.92,17.93,0.056
2024-07-18 18:00:25+00:00,usd_mxn,17.92,17.93,0.056
2024-07-18 18:00:26+00:00,usd_mxn,17.92,17.93,0.056
2024-07-18 18:00:27+00:00,usd_mxn,17.92,17.93,0.056
2024-07-18 18:00:28+00:00,usd_mxn,17.92,17.93,0.056
2024-07-18 18:00:29+00:00,usd_mxn,17.92,17.93,0.056
2024-07-18 18:00:30+00:00,usd_mxn,17.92,17.93,0.056
2024-07-18 18:00:31+00:00,usd_mxn,17.92,17.93,0.056
2024-07-18 18:00:32+00:00,usd_mxn,17.92,17.93,0.056
2024-07-18 18:00:33+00:00,usd_mxn,17.92,17.93,0.056
2024-07-18 18:00:34+00:00,usd_mxn,17.92,17.93,0.056
2024-07-18 18:00:35+00:00,usd_mxn,17.92,17.93,0.056
2024-07-18 18:00:36+00:00,usd_mxn,17.92,17.93,0.056
2024-07-18 18:00:37+00:00,usd_mxn,17.92,17.93,0.056
2024-07-18 18:00:38+00:00,usd_mxn,17.92,17.93,0.056
2024-07-18 18:00:39+00:00,usd_mxn,17.92,17.93,0.056
2024-07-18 18:00:40+00:00,usd_mxn,17.92,17.93,0.056
2024-07-18 18:00:41+00:00,usd_mxn,17.92,17.93,0.056
2024-07-18 18:00:42+00:00,usd_mxn,17.92,17.93,0.056
2024-07-18 18:00:43+00:00,usd_mxn,17.92,17.93,0.056
2024-07-18 18:00:44+00:00,usd_mxn,17.92,17.93,0.056
2024-07-18 18:00:45+00:00,usd_mxn,17.92,17.93,0.056
2024-07-18 18:00:46+00:00,usd_mxn,17.92,17.93,0.056
2024-07-18 18:00:47+00:00,usd_mxn,17.92,17.93,0.056
2024-07-18 18:00:48+00:00,usd_mxn,17.92,17.93,0.056
2024-07-18 18:00:49+00:00,usd_mxn,17.92,17.93,0.056
2024-07-18 18:00:50+00:00,usd_mxn,17.92,17.93,0.056
2024-07-18 18:00:51+00:00,usd_mxn,17.92,17.93,0.056
2024-07-18 18:00:52+00:00,usd_mxn,17.92,17.93,0.056
2024-07-18 18:00:53+00:00,usd_mxn,17.92,17.93,0.056
2024-07-18 18:00:54+00:00,usd_mxn,17.92,17.93,0.056
2024-07-18 18:00:55+00:00,usd_mxn,17.92,17.93,0.056
2024-07-18 18:00:56+00:00,usd_mxn,17.92,17.93,0.056
2024-07-18 18:00:57+00:00,usd_mxn,17.92,17.93,0.056
2024-07-18 18:00:58+00:00,usd_mxn,17.92,17.93,0.056
2024-07-18 18:00:59+00:00,usd_mxn,17.92,17.93,0.056
2024-07-18 18:01:00+00:00,usd_mxn,17.92,17.93,0.056
2024-07-18 18:01:01+00:00,usd_mxn,17.92,17.93,0.056
2024-07-18 18:01:03+00:00,usd_mxn,17.92,17.93,0.056
2024-07-18 18:01:03+00:00,usd_mxn,17.92,17.93,0.056
2024-07-18 18:01:04+00:00,usd_mxn,17.92,17.93,0.056
2024-07-18 18:01:05+00:00,usd_mxn,17.94,17.95,0.056
2024-07-18 18:01:06+00:00,usd_mxn,17.94,17.95,0.056
2024-07-18 18:01:07+00:00,usd_mxn,17.94,17.95,0.056
2024-07-18 18:01:08+00:00,usd_mxn,17.94,17.95,0.056
2024-07-18 18:01:09+00:00,usd_mxn,17.94,17.95,0.056
2024-07-18 18:01:10+00:00,usd_mxn,17.94,17.95,0.056
2024-07-18 18:01:11+00:00,usd_mxn,17.94,17.95,0.056
2024-07-18 18:01:13+00:00,usd_mxn,17.94,17.95,0.056
2024-07-18 18:01:14+00:00,usd_mxn,17.94,17.95,0.056
2024-07-18 18:01:15+00:00,usd_mxn,17.94,17.95,0.056
2024-07-18 18:01:16+00:00,usd_mxn,17.94,17.95,0.056
2024-07-18 18:01:17+00:00,usd_mxn,17.94,17.95,0.056
2024-07-18 18:01:18+00:00,usd_mxn,17.94,17.95,0.056
2024-07-18 18:01:19+00:00,usd_mxn,17.94,17.95,0.056
2024-07-18 18:01:20+00:00,usd_mxn,17.94,17.95,0.056
2024-07-18 18:01:21+00:00,usd_mxn,17.94,17.95,0.056
2024-07-18 18:01:22+00:00,usd_mxn,17.94,17.95,0.056
2024-07-18 18:01:23+00:00,usd_mxn,17.94,17.95,0.056
2024-07-18 18:01:24+00:00,usd_mxn,17.94,17.95,0.056
2024-07-18 18:01:25+00:00,usd_mxn,17.94,17.95,0.056
2024-07-18 18:01:26+00:00,usd_mxn,17.94,17.95,0.056
2024-07-18 18:01:27+00:00,usd_mxn,17.94,17.95,0.056
2024-07-18 18:01:28+00:00,usd_mxn,17.94,17.95,0.056
2024-07-18 18:01:29+00:00,usd_mxn,17.94,17.95,0.056
2024-07-18 18:01:30+00:00,usd_mxn,17.94,17.95,0.056
2024-07-18 18:01:31+00:00,usd_mxn,17.94,17.95,0.056
2024-07-18 18:01:32+00:00,usd_mxn,17.94,17.95,0.056
2024-07-18 18:01:33+00:00,usd_mxn,17.94,17.96,0.111
2024-07-18 18:01:34+00:00,usd_mxn,17.94,17.96,0.111
2024-07-18 18:01:35+00:00,usd_mxn,17.94,17.96,0.111
2024-07-18 18:01:36+00:00,usd_mxn,17.94,17.96,0.111
2024-07-18 18:01:37+00:00,usd_mxn,17.94,17.96,0.111
2024-07-18 18:01:38+00:00,usd_mxn,17.94,17.96,0.111
2024-07-18 18:01:39+00:00,usd_mxn,17.94,17.96,0.111
2024-07-18 18:01:40+00:00,usd_mxn,17.94,17.96,0.111
2024-07-18 18:01:41+00:00,usd_mxn,17.94,17.96,0.111
2024-07-18 18:01:42+00:00,usd_mxn,17.94,17.96,0.111
2024-07-18 18:01:43+00:00,usd_mxn,17.94,17.96,0.111
2024-07-18 18:01:44+00:00,usd_mxn,17.94,17.96,0.111
2024-07-18 18:01:45+00:00,usd_mxn,17.94,17.96,0.111
2024-07-18 18:01:46+00:00,usd_mxn,17.94,17.96,0.111
2024-07-18 18:01:47+00:00,usd_mxn,17.94,17.96,0.111
2024-07-18 18:01:48+00:00,usd_mxn,17.94,17.96,0.111
2024-07-18 18:01:49+00:00,usd_mxn,17.94,17.96,0.111
2024-07-18 18:01:50+00:00,usd_mxn,17.94,17.96,0.111
2024-07-18 18:01:51+00:00,usd_mxn,17.94,17.96,0.111
2024-07-18 18:01:52+00:00,usd_mxn,17.94,17.96,0.111
2024-07-18 18:01:53+00:00,usd_mxn,17.94,17.96,0.111
2024-07-18 18:01:54+00:00,usd_mxn,17.94,17.96,0.111
2024-07-18 18:01:55+00:00,usd_mxn,17.94,17.96,0.111
2024-07-18 18:01:56+00:00,usd_mxn,17.94,17.96,0.111
2024-07-18 18:01:57+00:00,usd_mxn,17.94,17.96,0.111
2024-07-18 18:01:58+00:00,usd_mxn,17.94,17.96,0.111
2024-07-18 18:01:59+00:00,usd_mxn,17.94,17.96,0.111
2024-07-18 18:02:00+00:00,usd_mxn,17.94,17.96,0.111
2024-07-18 18:02:01+00:00,usd_mxn,17.94,17.96,0.111
2024-07-18 18:02:02+00:00,usd_mxn,17.94,17.96,0.111
2024-07-18 18:02:03+00:00,usd_mxn,17.94,17.96,0.111
2024-07-18 18:02:04+00:00,usd_mxn,17.94,17.96,0.111
2024-07-18 18:02:05+00:00,usd_mxn,17.94,17.96,0.111
2024-07-18 18:02:06+00:00,usd_mxn,17.94,17.96,0.111
2024-07-18 18:02:07+00:00,usd_mxn,17.94,17.96,0.111
2024-07-18 18:02:08+00:00,usd_mxn,17.94,17.96,0.111
2024-07-18 18:02:09+00:00,usd_mxn,17.94,17.96,0.111
2024-07-18 18:02:10+00:00,usd_mxn,17.94,17.96,0.111
2024-07-18 18:02:11+00:00,usd_mxn,17.94,17.96,0.111
2024-07-18 18:02:12+00:00,usd_mxn,17.94,17.96,0.111
2024-07-18 18:02:13+00:00,usd_mxn,17.94,17.96,0.111
2024-07-18 18:02:14+00:00,usd_mxn,17.94,17.96,0.111
2024-07-18 18:02:15+00:00,usd_mxn,17.94,17.96,0.111
2024-07-18 18:02:16+00:00,usd_mxn,17.94,17.96,0.111
2024-07-18 18:02:18+00:00,usd_mxn,17.94,17.96,0.111
2024-07-18 18:02:19+00:00,usd_mxn,17.94,17.96,0.111
2024-07-18 18:02:20+00:00,usd_mxn,17.94,17.96,0.111
2024-07-18 18:02:21+00:00,usd_mxn,17.94,17.96,0.111
2024-07-18 18:02:22+00:00,usd_mxn,17.94,17.96,0.111
2024-07-18 18:02:23+00:00,usd_mxn,17.94,17.96,0.111
2024-07-18 18:02:24+00:00,usd_mxn,17.94,17.96,0.111
2024-07-18 18:02:25+00:00,usd_mxn,17.94,17.96,0.111
2024-07-18 18:02:26+00:00,usd_mxn,17.94,17.96,0.111
2024-07-18 18:02:27+00:00,usd_mxn,17.94,17.96,0.111
2024-07-18 18:02:28+00:00,usd_mxn,17.94,17.96,0.111
2024-07-18 18:02:29+00:00,usd_mxn,17.94,17.96,0.111
2024-07-18 18:02:30+00:00,usd_mxn,17.94,17.96,0.111
2024-07-18 18:02:31+00:00,usd_mxn,17.94,17.96,0.111
2024-07-18 18:02:32+00:00,usd_mxn,17.94,17.96,0.111
2024-07-18 18:02:33+00:00,usd_mxn,17.94,17.96,0.111
2024-07-18 18:02:34+00:00,usd_mxn,17.94,17.96,0.111
2024-07-18 18:02:35+00:00,usd_mxn,17.94,17.96,0.111
2024-07-18 18:02:36+00:00,usd_mxn,17.94,17.96,0.111
2024-07-18 18:02:37+00:00,usd_mxn,17.94,17.96,0.111
2024-07-18 18:02:38+00:00,usd_mxn,17.94,17.96,0.111
2024-07-18 18:02:39+00:00,usd_mxn,17.94,17.96,0.111
2024-07-18 18:02:40+00:00,usd_mxn,17.94,17.96,0.111
2024-07-18 18:02:41+00:00,usd_mxn,17.94,17.96,0.111
2024-07-18 18:02:42+00:00,usd_mxn,17.94,17.96,0.111
2024-07-18 18:02:43+00:00,usd_mxn,17.94,17.96,0.111
2024-07-18 18:02:44+00:00,usd_mxn,17.94,17.96,0.111
2024-07-18 18:02:45+00:00,usd_mxn,17.94,17.96,0.111
2024-07-18 18:02:46+00:00,usd_mxn,17.94,17.96,0.111
2024-07-18 18:02:47+00:00,usd_mxn,17.94,17.97,0.167
2024-07-18 18:02:48+00:00,usd_mxn,17.94,17.97,0.167
2024-07-18 18:02:49+00:00,usd_mxn,17.94,17.97,0.167
2024-07-18 18:02:50+00:00,usd_mxn,17.94,17.97,0.167
2024-07-18 18:02:51+00:00,usd_mxn,17.94,17.97,0.167
2024-07-18 18:02:52+00:00,usd_mxn,17.94,17.97,0.167
2024-07-18 18:02:53+00:00,usd_mxn,17.94,17.97,0.167
2024-07-18 18:02:54+00:00,usd_mxn,17.94,17.97,0.167
2024-07-18 18:02:55+00:00,usd_mxn,17.94,17.97,0.167
2024-07-18 18:02:56+00:00,usd_mxn,17.94,17.97,0.167
2024-07-18 18:02:57+00:00,usd_mxn,17.94,17.97,0.167
2024-07-18 18:02:58+00:00,usd_mxn,17.94,17.97,0.167
2024-07-18 18:02:59+00:00,usd_mxn,17.94,17.97,0.167
2024-07-18 18:03:00+00:00,usd_mxn,17.94,17.97,0.167
2024-07-18 18:03:01+00:00,usd_mxn,17.94,17.97,0.167
2024-07-18 18:03:02+00:00,usd_mxn,17.94,17.97,0.167
2024-07-18 18:03:03+00:00,usd_mxn,17.94,17.97,0.167
2024-07-18 18:03:04+00:00,usd_mxn,17.94,17.97,0.167
2024-07-18 18:03:05+00:00,usd_mxn,17.94,17.97,0.167
2024-07-18 18:03:07+00:00,usd_mxn,17.94,17.97,0.167
2024-07-18 18:03:07+00:00,usd_mxn,17.94,17.97,0.167
2024-07-18 18:03:09+00:00,usd_mxn,17.94,17.97,0.167
2024-07-18 18:03:10+00:00,usd_mxn,17.94,17.97,0.167
2024-07-18 18:03:11+00:00,usd_mxn,17.94,17.97,0.167
2024-07-18 18:03:12+00:00,usd_mxn,17.94,17.97,0.167
2024-07-18 18:03:13+00:00,usd_mxn,17.94,17.97,0.167
2024-07-18 18:03:14+00:00,usd_mxn,17.94,17.97,0.167
2024-07-18 18:03:15+00:00,usd_mxn,17.94,17.97,0.167
2024-07-18 18:03:16+00:00,usd_mxn,17.94,17.97,0.167
2024-07-18 18:03:17+00:00,usd_mxn,17.94,17.97,0.167
2024-07-18 18:03:18+00:00,usd_mxn,17.94,17.97,0.167
2024-07-18 18:03:19+00:00,usd_mxn,17.94,17.97,0.167
2024-07-18 18:03:20+00:00,usd_mxn,17.94,17.97,0.167
2024-07-18 18:03:21+00:00,usd_mxn,17.94,17.97,0.167
2024-07-18 18:03:22+00:00,usd_mxn,17.94,17.97,0.167
2024-07-18 18:03:23+00:00,usd_mxn,17.94,17.97,0.167
2024-07-18 18:03:24+00:00,usd_mxn,17.94,17.97,0.167
2024-07-18 18:03:25+00:00,usd_mxn,17.94,17.97,0.167
2024-07-18 18:03:26+00:00,usd_mxn,17.94,17.97,0.167
2024-07-18 18:03:27+00:00,usd_mxn,17.94,17.97,0.167
2024-07-18 18:03:28+00:00,usd_mxn,17.94,17.97,0.167
2024-07-18 18:03:29+00:00,usd_mxn,17.95,17.97,0.111
2024-07-18 18:03:30+00:00,usd_mxn,17.95,17.97,0.111
2024-07-18 18:03:31+00:00,usd_mxn,17.95,17.97,0.111
2024-07-18 18:03:32+00:00,usd_mxn,17.95,17.97,0.111
2024-07-18 18:03:33+00:00,usd_mxn,17.95,17.97,0.111
2024-07-18 18:03:34+00:00,usd_mxn,17.95,17.97,0.111
2024-07-18 18:03:35+00:00,usd_mxn,17.95,17.97,0.111
2024-07-18 18:03:36+00:00,usd_mxn,17.95,17.97,0.111
2024-07-18 18:03:37+00:00,usd_mxn,17.95,17.97,0.111
2024-07-18 18:03:38+00:00,usd_mxn,17.95,17.97,0.111
2024-07-18 18:03:39+00:00,usd_mxn,17.95,17.97,0.111
2024-07-18 18:03:40+00:00,usd_mxn,17.95,17.97,0.111
2024-07-18 18:03:41+00:00,usd_mxn,17.95,17.97,0.111
2024-07-18 18:03:42+00:00,usd_mxn,17.95,17.97,0.111
2024-07-18 18:03:43+00:00,usd_mxn,17.95,17.97,0.111
2024-07-18 18:03:44+00:00,usd_mxn,17.95,17.97,0.111
2024-07-18 18:03:45+00:00,usd_mxn,17.95,17.97,0.111
2024-07-18 18:03:46+00:00,usd_mxn,17.95,17.97,0.111
2024-07-18 18:03:47+00:00,usd_mxn,17.95,17.97,0.111
2024-07-18 18:03:48+00:00,usd_mxn,17.95,17.97,0.111
2024-07-18 18:03:49+00:00,usd_mxn,17.95,17.97,0.111
2024-07-18 18:03:50+00:00,usd_mxn,17.95,17.97,0.111
2024-07-18 18:03:51+00:00,usd_mxn,17.95,17.97,0.111
2024-07-18 18:03:52+00:00,usd_mxn,17.95,17.97,0.111
2024-07-18 18:03:53+00:00,usd_mxn,17.95,17.97,0.111
2024-07-18 18:03:54+00:00,usd_mxn,17.95,17.97,0.111
2024-07-18 18:03:55+00:00,usd_mxn,17.95,17.97,0.111
2024-07-18 18:03:56+00:00,usd_mxn,17.95,17.97,0.111
2024-07-18 18:03:57+00:00,usd_mxn,17.95,17.97,0.111
2024-07-18 18:03:58+00:00,usd_mxn,17.95,17.97,0.111
2024-07-18 18:03:59+00:00,usd_mxn,17.95,17.97,0.111
2024-07-18 18:04:00+00:00,usd_mxn,17.95,17.97,0.111
2024-07-18 18:04:02+00:00,usd_mxn,17.95,17.97,0.111
2024-07-18 18:04:03+00:00,usd_mxn,17.95,17.97,0.111
2024-07-18 18:04:04+00:00,usd_mxn,17.95,17.97,0.111
2024-07-18 18:04:05+00:00,usd_mxn,17.95,17.97,0.111
2024-07-18 18:04:06+00:00,usd_mxn,17.95,17.97,0.111
2024-07-18 18:04:07+00:00,usd_mxn,17.95,17.97,0.111
2024-07-18 18:04:08+00:00,usd_mxn,17.95,17.97,0.111
2024-07-18 18:04:09+00:00,usd_mxn,17.95,17.97,0.111
2024-07-18 18:04:10+00:00,usd_mxn,17.95,17.97,0.111
2024-07-18 18:04:11+00:00,usd_mxn,17.95,17.97,0.111
2024-07-18 18:04:12+00:00,usd_mxn,17.95,17.97,0.111
2024-07-18 18:04:14+00:00,usd_mxn,17.95,17.97,0.111
2024-07-18 18:04:15+00:00,usd_mxn,17.95,17.97,0.111
2024-07-18 18:04:16+00:00,usd_mxn,17.95,17.97,0.111
2024-07-18 18:04:17+00:00,usd_mxn,17.95,17.97,0.111
2024-07-18 18:04:18+00:00,usd_mxn,17.95,17.97,0.111
2024-07-18 18:04:19+00:00,usd_mxn,17.95,17.97,0.111
2024-07-18 18:04:20+00:00,usd_mxn,17.95,17.97,0.111
2024-07-18 18:04:21+00:00,usd_mxn,17.95,17.97,0.111
2024-07-18 18:04:22+00:00,usd_mxn,17.95,17.97,0.111
2024-07-18 18:04:23+00:00,usd_mxn,17.95,17.97,0.111
2024-07-18 18:04:24+00:00,usd_mxn,17.95,17.97,0.111
2024-07-18 18:04:25+00:00,usd_mxn,17.95,17.97,0.111
2024-07-18 18:04:26+00:00,usd_mxn,17.95,17.97,0.111
2024-07-18 18:04:27+00:00,usd_mxn,17.95,17.97,0.111
2024-07-18 18:04:28+00:00,usd_mxn,17.95,17.97,0.111
2024-07-18 18:04:29+00:00,usd_mxn,17.95,17.97,0.111
2024-07-18 18:04:30+00:00,usd_mxn,17.95,17.97,0.111
2024-07-18 18:04:31+00:00,usd_mxn,17.95,17.97,0.111
2024-07-18 18:04:32+00:00,usd_mxn,17.95,17.97,0.111
2024-07-18 18:04:33+00:00,usd_mxn,17.95,17.97,0.111
