orderbook_timestamp,book,bid,ask,spread
2024-07-18 17:36:25+00:00,btc_mxn,1141369.98,1141370.02,0.0
2024-07-18 17:36:27+00:00,btc_mxn,1141369.98,1141370.02,0.0
2024-07-18 17:36:28+00:00,btc_mxn,1141369.98,1141370.02,0.0
2024-07-18 17:36:29+00:00,btc_mxn,1141369.98,1141370.02,0.0
2024-07-18 17:36:30+00:00,btc_mxn,1141369.98,1141370.02,0.0
2024-07-18 17:36:31+00:00,btc_mxn,1141369.98,1141370.02,0.0
2024-07-18 17:36:32+00:00,btc_mxn,1141369.98,1141370.02,0.0
2024-07-18 17:36:33+00:00,btc_mxn,1141369.98,1141370.02,0.0
2024-07-18 17:36:34+00:00,btc_mxn,1141369.98,1141370.02,0.0
2024-07-18 17:36:35+00:00,btc_mxn,1141369.98,1141370.02,0.0
2024-07-18 17:36:36+00:00,btc_mxn,1141369.98,1141370.02,0.0
2024-07-18 17:36:37+00:00,btc_mxn,1141369.98,1141370.02,0.0
2024-07-18 17:36:38+00:00,btc_mxn,1141369.98,1141370.02,0.0
2024-07-18 17:36:39+00:00,btc_mxn,1141369.98,1141370.02,0.0
2024-07-18 17:36:40+00:00,btc_mxn,1141369.98,1141370.02,0.0
2024-07-18 17:36:41+00:00,btc_mxn,1141369.98,1141370.02,0.0
2024-07-18 17:36:42+00:00,btc_mxn,1141369.98,1141370.02,0.0
2024-07-18 17:36:43+00:00,btc_mxn,1141369.98,1141370.02,0.0
2024-07-18 17:36:44+00:00,btc_mxn,1141369.98,1141370.02,0.0
2024-07-18 17:36:45+00:00,btc_mxn,1141369.98,1141370.02,0.0
2024-07-18 17:36:46+00:00,btc_mxn,1141369.98,1141370.02,0.0
2024-07-18 17:36:47+00:00,btc_mxn,1141369.98,1141370.02,0.0
2024-07-18 17:36:48+00:00,btc_mxn,1141369.98,1141370.02,0.0
2024-07-18 17:36:49+00:00,btc_mxn,1141369.98,1141370.02,0.0
2024-07-18 17:36:50+00:00,btc_mxn,1141369.98,1141370.02,0.0
2024-07-18 17:36:51+00:00,btc_mxn,1141369.98,1141370.02,0.0
2024-07-18 17:36:52+00:00,btc_mxn,1141369.98,1141370.02,0.0
2024-07-18 17:36:53+00:00,btc_mxn,1141369.98,1141370.02,0.0
2024-07-18 17:36:54+00:00,btc_mxn,1141369.98,1141370.02,0.0
2024-07-18 17:36:55+00:00,btc_mxn,1141369.98,1141370.02,0.0
2024-07-18 17:36:56+00:00,btc_mxn,1141369.98,1141370.02,0.0
2024-07-18 17:36:57+00:00,btc_mxn,1141369.98,1141370.02,0.0
2024-07-18 17:36:58+00:00,btc_mxn,1141369.98,1141370.02,0.0
2024-07-18 17:36:59+00:00,btc_mxn,1141369.98,1141370.02,0.0
2024-07-18 17:37:00+00:00,btc_mxn,1141369.98,1141370.02,0.0
2024-07-18 17:37:01+00:00,btc_mxn,1141369.98,1141370.02,0.0
2024-07-18 17:37:02+00:00,btc_mxn,1141369.98,1141370.02,0.0
2024-07-18 17:37:03+00:00,btc_mxn,1141369.98,1141370.02,0.0
2024-07-18 17:37:04+00:00,btc_mxn,1141369.98,1141370.02,0.0
2024-07-18 17:37:05+00:00,btc_mxn,1141369.98,1141370.02,0.0
2024-07-18 17:37:06+00:00,btc_mxn,1141369.98,1141370.02,0.0
2024-07-18 17:37:07+00:00,btc_mxn,1141369.98,1141370.02,0.0
2024-07-18 17:37:08+00:00,btc_mxn,1141369.98,1141370.02,0.0
2024-07-18 17:37:09+00:00,btc_mxn,1141369.98,1141370.02,0.0
2024-07-18 17:37:10+00:00,btc_mxn,1141369.98,1141370.02,0.0
2024-07-18 17:37:11+00:00,btc_mxn,1141369.98,1141370.02,0.0
2024-07-18 17:37:12+00:00,btc_mxn,1141369.98,1141370.02,0.0
2024-07-18 17:37:13+00:00,btc_mxn,1141369.98,1141370.02,0.0
2024-07-18 17:37:14+00:00,btc_mxn,1141369.98,1141370.02,0.0
2024-07-18 17:37:15+00:00,btc_mxn,1141369.98,1141370.02,0.0
2024-07-18 17:37:16+00:00,btc_mxn,1141369.98,1141370.02,0.0
2024-07-18 17:37:17+00:00,btc_mxn,1141369.98,1141370.02,0.0
2024-07-18 17:37:18+00:00,btc_mxn,1141369.98,1141370.02,0.0
2024-07-18 17:37:19+00:00,btc_mxn,1141369.98,1141370.02,0.0
2024-07-18 17:37:20+00:00,btc_mxn,1141369.98,1141370.02,0.0
2024-07-18 17:37:21+00:00,btc_mxn,1141369.98,1141370.02,0.0
2024-07-18 17:37:22+00:00,btc_mxn,1141369.98,1141370.02,0.0
2024-07-18 17:37:23+00:00,btc_mxn,1141369.98,1141370.02,0.0
2024-07-18 17:37:24+00:00,btc_mxn,1141369.98,1141370.02,0.0
2024-07-18 17:37:25+00:00,btc_mxn,1141369.98,1141370.02,0.0
2024-07-18 17:37:26+00:00,btc_mxn,1141369.98,1141370.02,0.0
2024-07-18 17:37:27+00:00,btc_mxn,1141369.98,1141370.02,0.0
2024-07-18 17:37:28+00:00,btc_mxn,1141369.98,1141370.02,0.0
2024-07-18 17:37:29+00:00,btc_mxn,1141369.98,1141370.02,0.0
2024-07-18 17:37:31+00:00,btc_mxn,1141369.98,1141370.02,0.0
2024-07-18 17:37:31+00:00,btc_mxn,1141369.98,1141370.02,0.0
2024-07-18 17:37:32+00:00,btc_mxn,1141369.98,1141370.02,0.0
2024-07-18 17:37:33+00:00,btc_mxn,1141369.98,1141370.02,0.0
2024-07-18 17:37:35+00:00,btc_mxn,1141369.98,1141370.02,0.0
2024-07-18 17:37:36+00:00,btc_mxn,1141369.98,1141370.02,0.0
2024-07-18 17:37:37+00:00,btc_mxn,1141369.98,1141370.02,0.0
2024-07-18 17:37:38+00:00,btc_mxn,1141369.98,1141370.02,0.0
2024-07-18 17:37:39+00:00,btc_mxn,1141369.98,1141370.02,0.0
2024-07-18 17:37:40+00:00,btc_mxn,1141369.98,1141370.02,0.0
2024-07-18 17:37:41+00:00,btc_mxn,1141369.98,1141370.02,0.0
2024-07-18 17:37:42+00:00,btc_mxn,1141369.98,1141370.02,0.0
2024-07-18 17:37:43+00:00,btc_mxn,1141369.98,1141370.02,0.0
2024-07-18 17:37:44+00:00,btc_mxn,1141369.98,1141370.02,0.0
2024-07-18 17:37:45+00:00,btc_mxn,1141369.98,1141370.02,0.0
2024-07-18 17:37:46+00:00,btc_mxn,1141369.98,1141370.02,0.0
2024-07-18 17:37:47+00:00,btc_mxn,1141369.98,1141370.02,0.0
2024-07-18 17:37:48+00:00,btc_mxn,1141369.98,1141370.02,0.0
2024-07-18 17:37:49+00:00,btc_mxn,1141369.98,1141370.02,0.0
2024-07-18 17:37:50+00:00,btc_mxn,1141369.98,1141370.02,0.0
2024-07-18 17:37:51+00:00,btc_mxn,1141369.98,1141370.02,0.0
2024-07-18 17:37:52+00:00,btc_mxn,1141369.98,1141370.02,0.0
2024-07-18 17:37:53+00:00,btc_mxn,1141369.98,1141370.02,0.0
2024-07-18 17:37:54+00:00,btc_mxn,1141369.98,1141370.02,0.0
2024-07-18 17:37:55+00:00,btc_mxn,1141369.98,1141370.02,0.0
2024-07-18 17:37:56+00:00,btc_mxn,1141369.98,1141370.02,0.0
2024-07-18 17:37:57+00:00,btc_mxn,1141369.98,1141370.02,0.0
2024-07-18 17:37:58+00:00,btc_mxn,1141369.98,1141370.02,0.0
2024-07-18 17:37:59+00:00,btc_mxn,1141369.98,1141370.02,0.0
2024-07-18 17:38:00+00:00,btc_mxn,1141369.98,1141370.02,0.0
2024-07-18 17:38:01+00:00,btc_mxn,1141369.98,1141370.02,0.0
2024-07-18 17:38:02+00:00,btc_mxn,1141369.98,1141370.02,0.0
2024-07-18 17:38:03+00:00,btc_mxn,1141369.98,1141370.02,0.0
2024-07-18 17:38:04+00:00,btc_mxn,1141369.98,1141370.02,0.0
2024-07-18 17:38:05+00:00,btc_mxn,1141369.98,1141370.02,0.0
2024-07-18 17:38:06+00:00,btc_mxn,1141369.98,1141370.02,0.0
2024-07-18 17:38:07+00:00,btc_mxn,1141369.98,1141370.02,0.0
2024-07-18 17:38:08+00:00,btc_mxn,1141369.98,1141370.02,0.0
2024-07-18 17:38:09+00:00,btc_mxn,1141369.98,1141370.02,0.0
2024-07-18 17:38:10+00:00,btc_mxn,1141369.98,1141370.02,0.0
2024-07-18 17:38:11+00:00,btc_mxn,1141369.98,1141370.02,0.0
2024-07-18 17:38:12+00:00,btc_mxn,1141369.98,1141370.02,0.0
2024-07-18 17:38:13+00:00,btc_mxn,1141369.98,1141370.02,0.0
2024-07-18 17:38:14+00:00,btc_mxn,1141369.98,1141370.02,0.0
2024-07-18 17:38:15+00:00,btc_mxn,1141369.98,1141370.02,0.0
2024-07-18 17:38:16+00:00,btc_mxn,1141369.98,1141370.02,0.0
2024-07-18 17:38:17+00:00,btc_mxn,1141369.98,1141370.02,0.0
2024-07-18 17:38:18+00:00,btc_mxn,1141369.98,1141370.02,0.0
2024-07-18 17:38:19+00:00,btc_mxn,1141369.98,1141370.02,0.0
2024-07-18 17:38:20+00:00,btc_mxn,1141369.98,1141370.02,0.0
2024-07-18 17:38:21+00:00,btc_mxn,1141369.98,1141370.02,0.0
2024-07-18 17:38:22+00:00,btc_mxn,1141369.98,1141370.02,0.0
2024-07-18 17:38:23+00:00,btc_mxn,1141369.98,1141370.02,0.0
2024-07-18 17:38:24+00:00,btc_mxn,1141369.98,1141370.02,0.0
2024-07-18 17:38:25+00:00,btc_mxn,1141369.98,1141370.02,0.0
2024-07-18 17:38:26+00:00,btc_mxn,1141369.98,1141370.02,0.0
2024-07-18 17:38:27+00:00,btc_mxn,1141369.98,1141370.02,0.0
2024-07-18 17:38:28+00:00,btc_mxn,1141369.98,1141370.02,0.0
2024-07-18 17:38:29+00:00,btc_mxn,1141369.98,1141370.02,0.0
2024-07-18 17:38:30+00:00,btc_mxn,1141369.98,1141370.02,0.0
2024-07-18 17:38:31+00:00,btc_mxn,1141369.98,1141370.02,0.0
2024-07-18 17:38:32+00:00,btc_mxn,1141369.98,1141370.02,0.0
2024-07-18 17:38:33+00:00,btc_mxn,1141369.98,1141370.02,0.0
2024-07-18 17:38:34+00:00,btc_mxn,1141369.98,1141370.02,0.0
2024-07-18 17:38:35+00:00,btc_mxn,1141369.98,1141370.02,0.0
2024-07-18 17:38:36+00:00,btc_mxn,1141369.98,1141370.02,0.0
2024-07-18 17:38:37+00:00,btc_mxn,1141369.98,1141370.02,0.0
2024-07-18 17:38:38+00:00,btc_mxn,1141369.98,1141370.02,0.0
2024-07-18 17:38:39+00:00,btc_mxn,1141369.98,1141370.02,0.0
2024-07-18 17:38:40+00:00,btc_mxn,1141369.98,1141370.02,0.0
2024-07-18 17:38:41+00:00,btc_mxn,1141369.98,1141370.02,0.0
2024-07-18 17:38:42+00:00,btc_mxn,1141369.98,1141370.02,0.0
2024-07-18 17:38:44+00:00,btc_mxn,1141369.98,1141370.02,0.0
2024-07-18 17:38:45+00:00,btc_mxn,1141369.98,1141370.02,0.0
2024-07-18 17:38:46+00:00,btc_mxn,1141369.98,1141370.02,0.0
2024-07-18 17:38:47+00:00,btc_mxn,1141369.98,1141370.02,0.0
2024-07-18 17:38:48+00:00,btc_mxn,1141369.98,1141370.02,0.0
2024-07-18 17:38:49+00:00,btc_mxn,1141369.98,1141370.02,0.0
2024-07-18 17:38:50+00:00,btc_mxn,1141369.98,1141370.02,0.0
2024-07-18 17:38:51+00:00,btc_mxn,1141369.98,1141370.02,0.0
2024-07-18 17:38:52+00:00,btc_mxn,1141369.98,1141370.02,0.0
2024-07-18 17:38:53+00:00,btc_mxn,1141369.98,1141370.02,0.0
2024-07-18 17:38:54+00:00,btc_mxn,1141369.98,1141370.02,0.0
2024-07-18 17:38:55+00:00,btc_mxn,1141369.98,1141370.02,0.0
2024-07-18 17:38:56+00:00,btc_mxn,1141369.98,1141370.02,0.0
2024-07-18 17:38:57+00:00,btc_mxn,1141369.98,1141370.02,0.0
2024-07-18 17:38:58+00:00,btc_mxn,1141369.98,1141370.02,0.0
2024-07-18 17:38:59+00:00,btc_mxn,1141369.98,1141370.02,0.0
2024-07-18 17:39:00+00:00,btc_mxn,1141369.98,1141370.02,0.0
2024-07-18 17:39:01+00:00,btc_mxn,1141369.98,1141370.02,0.0
2024-07-18 17:39:02+00:00,btc_mxn,1141369.98,1141370.02,0.0
2024-07-18 17:39:03+00:00,btc_mxn,1141369.98,1141370.02,0.0
2024-07-18 17:39:04+00:00,btc_mxn,1141369.98,1141370.02,0.0
2024-07-18 17:39:05+00:00,btc_mxn,1141369.98,1141370.02,0.0
2024-07-18 17:39:06+00:00,btc_mxn,1141369.98,1141370.02,0.0
2024-07-18 17:39:07+00:00,btc_mxn,1141369.98,1141370.02,0.0
2024-07-18 17:39:08+00:00,btc_mxn,1141369.98,1141370.02,0.0
2024-07-18 17:39:09+00:00,btc_mxn,1141369.98,1141370.02,0.0
2024-07-18 17:39:10+00:00,btc_mxn,1141369.98,1141370.02,0.0
2024-07-18 17:39:11+00:00,btc_mxn,1141369.98,1141370.02,0.0
2024-07-18 17:39:12+00:00,btc_mxn,1141369.98,1141370.02,0.0
2024-07-18 17:39:13+00:00,btc_mxn,1141369.98,1141370.02,0.0
2024-07-18 17:39:14+00:00,btc_mxn,1141369.98,1141370.02,0.0
2024-07-18 17:39:15+00:00,btc_mxn,1141369.98,1141370.02,0.0
2024-07-18 17:39:16+00:00,btc_mxn,1141369.98,1141370.02,0.0
2024-07-18 17:39:17+00:00,btc_mxn,1141369.98,1141370.02,0.0
2024-07-18 17:39:18+00:00,btc_mxn,1141369.98,1141370.02,0.0
2024-07-18 17:39:19+00:00,btc_mxn,1141369.98,1141370.02,0.0
2024-07-18 17:39:20+00:00,btc_mxn,1141369.98,1141370.02,0.0
2024-07-18 17:39:21+00:00,btc_mxn,1141369.98,1141370.02,0.0
2024-07-18 17:39:22+00:00,btc_mxn,1141369.98,1141370.02,0.0
2024-07-18 17:39:23+00:00,btc_mxn,1141369.98,1141370.02,0.0
2024-07-18 17:39:24+00:00,btc_mxn,1141369.98,1141370.02,0.0
2024-07-18 17:39:25+00:00,btc_mxn,1141369.98,1141370.02,0.0
2024-07-18 17:39:26+00:00,btc_mxn,1141369.98,1141370.02,0.0
2024-07-18 17:39:27+00:00,btc_mxn,1141369.98,1141370.02,0.0
2024-07-18 17:39:28+00:00,btc_mxn,1141369.98,1141370.02,0.0
2024-07-18 17:39:29+00:00,btc_mxn,1141369.98,1141370.02,0.0
2024-07-18 17:39:30+00:00,btc_mxn,1141369.98,1141370.02,0.0
2024-07-18 17:39:31+00:00,btc_mxn,1141369.98,1141370.02,0.0
2024-07-18 17:39:32+00:00,btc_mxn,1141369.98,1141370.02,0.0
2024-07-18 17:39:33+00:00,btc_mxn,1141369.98,1141370.02,0.0
2024-07-18 17:39:34+00:00,btc_mxn,1141369.98,1141370.02,0.0
2024-07-18 17:39:35+00:00,btc_mxn,1141369.98,1141370.02,0.0
2024-07-18 17:39:36+00:00,btc_mxn,1141369.98,1141370.02,0.0
2024-07-18 17:39:37+00:00,btc_mxn,1141369.98,1141370.02,0.0
2024-07-18 17:39:38+00:00,btc_mxn,1141369.98,1141370.02,0.0
2024-07-18 17:39:39+00:00,btc_mxn,1141369.98,1141370.02,0.0
2024-07-18 17:39:40+00:00,btc_mxn,1141369.98,1141370.02,0.0
2024-07-18 17:39:41+00:00,btc_mxn,1141369.98,1141370.02,0.0
2024-07-18 17:39:42+00:00,btc_mxn,1141369.98,1141370.02,0.0
2024-07-18 17:39:44+00:00,btc_mxn,1141369.98,1141370.02,0.0
2024-07-18 17:39:45+00:00,btc_mxn,1141369.98,1141370.02,0.0
2024-07-18 17:39:46+00:00,btc_mxn,1141369.98,1141370.02,0.0
2024-07-18 17:39:47+00:00,btc_mxn,1141369.98,1141370.02,0.0
2024-07-18 17:39:48+00:00,btc_mxn,1141369.98,1141370.02,0.0
2024-07-18 17:39:49+00:00,btc_mxn,1141369.98,1141370.02,0.0
2024-07-18 17:39:50+00:00,btc_mxn,1141369.98,1141370.02,0.0
2024-07-18 17:39:51+00:00,btc_mxn,1141369.98,1141370.02,0.0
2024-07-18 17:39:52+00:00,btc_mxn,1141369.98,1141370.02,0.0
2024-07-18 17:39:53+00:00,btc_mxn,1141369.98,1141370.02,0.0
2024-07-18 17:39:54+00:00,btc_mxn,1141369.98,1141370.02,0.0
2024-07-18 17:39:55+00:00,btc_mxn,1141369.98,1141370.02,0.0
2024-07-18 17:39:56+00:00,btc_mxn,1141369.98,1141370.02,0.0
2024-07-18 17:39:57+00:00,btc_mxn,1141369.98,1141370.02,0.0
2024-07-18 17:39:58+00:00,btc_mxn,1141369.98,1141370.02,0.0
2024-07-18 17:39:59+00:00,btc_mxn,1141369.98,1141370.02,0.0
2024-07-18 17:40:00+00:00,btc_mxn,1141369.98,1141370.02,0.0
2024-07-18 17:40:01+00:00,btc_mxn,1141369.98,1141370.02,0.0
2024-07-18 17:40:02+00:00,btc_mxn,1141369.98,1141370.02,0.0
2024-07-18 17:40:03+00:00,btc_mxn,1141369.98,1141370.02,0.0
2024-07-18 17:40:04+00:00,btc_mxn,1141369.98,1141370.02,0.0
2024-07-18 17:40:05+00:00,btc_mxn,1141369.98,1141370.02,0.0
2024-07-18 17:40:06+00:00,btc_mxn,1141369.98,1141370.02,0.0
2024-07-18 17:40:07+00:00,btc_mxn,1141369.98,1141370.02,0.0
2024-07-18 17:40:08+00:00,btc_mxn,1141369.98,1141370.02,0.0
2024-07-18 17:40:09+00:00,btc_mxn,1141369.98,1141370.02,0.0
2024-07-18 17:40:10+00:00,btc_mxn,1141369.98,1141370.02,0.0
2024-07-18 17:40:11+00:00,btc_mxn,1141369.98,1141370.02,0.0
2024-07-18 17:40:12+00:00,btc_mxn,1141369.98,1141370.02,0.0
2024-07-18 17:40:13+00:00,btc_mxn,1141369.98,1141370.02,0.0
2024-07-18 17:40:14+00:00,btc_mxn,1141369.98,1141370.02,0.0
2024-07-18 17:40:15+00:00,btc_mxn,1141369.98,1141370.02,0.0
2024-07-18 17:40:16+00:00,btc_mxn,1141369.98,1141370.02,0.0
2024-07-18 17:40:17+00:00,btc_mxn,1141369.98,1141370.02,0.0
2024-07-18 17:40:18+00:00,btc_mxn,1141369.98,1141370.02,0.0
2024-07-18 17:40:19+00:00,btc_mxn,1141369.98,1141370.02,0.0
2024-07-18 17:40:20+00:00,btc_mxn,1141369.98,1141370.02,0.0
2024-07-18 17:40:21+00:00,btc_mxn,1141369.98,1141370.02,0.0
2024-07-18 17:40:22+00:00,btc_mxn,1141369.98,1141370.02,0.0
2024-07-18 17:40:23+00:00,btc_mxn,1141369.98,1141370.02,0.0
2024-07-18 17:40:24+00:00,btc_mxn,1141369.98,1141370.02,0.0
2024-07-18 17:40:25+00:00,btc_mxn,1141369.98,1141370.02,0.0
2024-07-18 17:40:26+00:00,btc_mxn,1141369.98,1141370.02,0.0
2024-07-18 17:40:27+00:00,btc_mxn,1141369.98,1141370.02,0.0
2024-07-18 17:40:28+00:00,btc_mxn,1141369.98,1141370.02,0.0
2024-07-18 17:40:29+00:00,btc_mxn,1141369.98,1141370.02,0.0
2024-07-18 17:40:30+00:00,btc_mxn,1141369.98,1141370.02,0.0
2024-07-18 17:40:31+00:00,btc_mxn,1141369.98,1141370.02,0.0
2024-07-18 17:40:32+00:00,btc_mxn,1141369.98,1141370.02,0.0
2024-07-18 17:40:33+00:00,btc_mxn,1141369.98,1141370.02,0.0
2024-07-18 17:40:34+00:00,btc_mxn,1141369.98,1141370.02,0.0
2024-07-18 17:40:35+00:00,btc_mxn,1141369.98,1141370.02,0.0
2024-07-18 17:40:36+00:00,btc_mxn,1141369.98,1141370.02,0.0
2024-07-18 17:40:37+00:00,btc_mxn,1141369.98,1141370.02,0.0
2024-07-18 17:40:38+00:00,btc_mxn,1141369.98,1141370.02,0.0
2024-07-18 17:40:39+00:00,btc_mxn,1141369.98,1141370.02,0.0
2024-07-18 17:40:40+00:00,btc_mxn,1141369.98,1141370.02,0.0
2024-07-18 17:40:41+00:00,btc_mxn,1141369.98,1141370.02,0.0
2024-07-18 17:40:42+00:00,btc_mxn,1141369.98,1141370.02,0.0
2024-07-18 17:40:43+00:00,btc_mxn,1141369.98,1141370.02,0.0
2024-07-18 17:40:44+00:00,btc_mxn,1141369.98,1141370.02,0.0
2024-07-18 17:40:45+00:00,btc_mxn,1141369.98,1141370.02,0.0
2024-07-18 17:40:46+00:00,btc_mxn,1141369.98,1141370.02,0.0
2024-07-18 17:40:47+00:00,btc_mxn,1141369.98,1141370.02,0.0
2024-07-18 17:40:48+00:00,btc_mxn,1141369.98,1141370.02,0.0
2024-07-18 17:40:49+00:00,btc_mxn,1141369.98,1141370.02,0.0
2024-07-18 17:40:50+00:00,btc_mxn,1141369.98,1141370.02,0.0
2024-07-18 17:40:51+00:00,btc_mxn,1141369.98,1141370.02,0.0
2024-07-18 17:40:52+00:00,btc_mxn,1141369.98,1141370.02,0.0
2024-07-18 17:40:53+00:00,btc_mxn,1141369.98,1141370.02,0.0
2024-07-18 17:40:55+00:00,btc_mxn,1141369.98,1141370.02,0.0
2024-07-18 17:40:55+00:00,btc_mxn,1141369.98,1141370.02,0.0
2024-07-18 17:40:57+00:00,btc_mxn,1141369.98,1141370.02,0.0
2024-07-18 17:40:58+00:00,btc_mxn,1141369.98,1141370.02,0.0
2024-07-18 17:40:59+00:00,btc_mxn,1141369.98,1141370.02,0.0
2024-07-18 17:41:00+00:00,btc_mxn,1141369.98,1141370.02,0.0
2024-07-18 17:41:01+00:00,btc_mxn,1141369.98,1141370.02,0.0
2024-07-18 17:41:02+00:00,btc_mxn,1141369.98,1141370.02,0.0
2024-07-18 17:41:03+00:00,btc_mxn,1141369.98,1141370.02,0.0
2024-07-18 17:41:04+00:00,btc_mxn,1141369.98,1141370.02,0.0
2024-07-18 17:41:05+00:00,btc_mxn,1139049.98,1139050.02,0.0
2024-07-18 17:41:06+00:00,btc_mxn,1139049.98,1139050.02,0.0
2024-07-18 17:41:07+00:00,btc_mxn,1139049.98,1139050.02,0.0
2024-07-18 17:41:08+00:00,btc_mxn,1139049.98,1139050.02,0.0
2024-07-18 17:41:09+00:00,btc_mxn,1139049.98,1139050.02,0.0
2024-07-18 17:41:10+00:00,btc_mxn,1139049.98,1139050.02,0.0
2024-07-18 17:41:11+00:00,btc_mxn,1139049.98,1139050.02,0.0
2024-07-18 17:41:12+00:00,btc_mxn,1139049.98,1139050.02,0.0
2024-07-18 17:41:13+00:00,btc_mxn,1139049.98,1139050.02,0.0
2024-07-18 17:41:14+00:00,btc_mxn,1139049.98,1139050.02,0.0
2024-07-18 17:41:15+00:00,btc_mxn,1139049.98,1139050.02,0.0
2024-07-18 17:41:16+00:00,btc_mxn,1139049.98,1139050.02,0.0
2024-07-18 17:41:17+00:00,btc_mxn,1139049.98,1139050.02,0.0
2024-07-18 17:41:18+00:00,btc_mxn,1139049.98,1139050.02,0.0
2024-07-18 17:41:19+00:00,btc_mxn,1139049.98,1139050.02,0.0
2024-07-18 17:41:20+00:00,btc_mxn,1139049.98,1139050.02,0.0
2024-07-18 17:41:21+00:00,btc_mxn,1139049.98,1139050.02,0.0
2024-07-18 17:41:22+00:00,btc_mxn,1139049.98,1139050.02,0.0
2024-07-18 17:41:23+00:00,btc_mxn,1139049.98,1139050.02,0.0
2024-07-18 17:41:24+00:00,btc_mxn,1139049.98,1139050.02,0.0
2024-07-18 17:41:25+00:00,btc_mxn,1139049.98,1139050.02,0.0
2024-07-18 17:41:26+00:00,btc_mxn,1139049.98,1139050.02,0.0
2024-07-18 17:41:27+00:00,btc_mxn,1139049.98,1139050.02,0.0
2024-07-18 17:41:28+00:00,btc_mxn,1139049.98,1139050.02,0.0
2024-07-18 17:41:29+00:00,btc_mxn,1139049.98,1139050.02,0.0
2024-07-18 17:41:30+00:00,btc_mxn,1139049.98,1139050.02,0.0
2024-07-18 17:41:31+00:00,btc_mxn,1139049.98,1139050.02,0.0
2024-07-18 17:41:32+00:00,btc_mxn,1139049.98,1139050.02,0.0
2024-07-18 17:41:33+00:00,btc_mxn,1139049.98,1139050.02,0.0
2024-07-18 17:41:34+00:00,btc_mxn,1139049.98,1139050.02,0.0
2024-07-18 17:41:35+00:00,btc_mxn,1139049.98,1139050.02,0.0
2024-07-18 17:41:36+00:00,btc_mxn,1139049.98,1139050.02,0.0
2024-07-18 17:41:37+00:00,btc_mxn,1139049.98,1139050.02,0.0
2024-07-18 17:41:38+00:00,btc_mxn,1139049.98,1139050.02,0.0
2024-07-18 17:41:39+00:00,btc_mxn,1139049.98,1139050.02,0.0
2024-07-18 17:41:41+00:00,btc_mxn,1139049.98,1139050.02,0.0
2024-07-18 17:41:41+00:00,btc_mxn,1139049.98,1139050.02,0.0
2024-07-18 17:41:42+00:00,btc_mxn,1139049.98,1139050.02,0.0
2024-07-18 17:41:43+00:00,btc_mxn,1139049.98,1139050.02,0.0
2024-07-18 17:41:45+00:00,btc_mxn,1139049.98,1139050.02,0.0
2024-07-18 17:41:46+00:00,btc_mxn,1139049.98,1139050.02,0.0
2024-07-18 17:41:47+00:00,btc_mxn,1139049.98,1139050.02,0.0
2024-07-18 17:41:48+00:00,btc_mxn,1139049.98,1139050.02,0.0
2024-07-18 17:41:49+00:00,btc_mxn,1139049.98,1139050.02,0.0
2024-07-18 17:41:50+00:00,btc_mxn,1139049.98,1139050.02,0.0
2024-07-18 17:41:51+00:00,btc_mxn,1139049.98,1139050.02,0.0
2024-07-18 17:41:52+00:00,btc_mxn,1139049.98,1139050.02,0.0
2024-07-18 17:41:53+00:00,btc_mxn,1139049.98,1139050.02,0.0
2024-07-18 17:41:54+00:00,btc_mxn,1139049.98,1139050.02,0.0
2024-07-18 17:41:55+00:00,btc_mxn,1139049.98,1139050.02,0.0
2024-07-18 17:41:56+00:00,btc_mxn,1139049.98,1139050.02,0.0
2024-07-18 17:41:57+00:00,btc_mxn,1139049.98,1139050.02,0.0
2024-07-18 17:41:58+00:00,btc_mxn,1139049.98,1139050.02,0.0
2024-07-18 17:41:59+00:00,btc_mxn,1139049.98,1139050.02,0.0
2024-07-18 17:42:00+00:00,btc_mxn,1139049.98,1139050.02,0.0
2024-07-18 17:42:01+00:00,btc_mxn,1139049.98,1139050.02,0.0
2024-07-18 17:42:02+00:00,btc_mxn,1139049.98,1139050.02,0.0
2024-07-18 17:42:03+00:00,btc_mxn,1139049.98,1139050.02,0.0
2024-07-18 17:42:04+00:00,btc_mxn,1139049.98,1139050.02,0.0
2024-07-18 17:42:05+00:00,btc_mxn,1139049.98,1139050.02,0.0
2024-07-18 17:42:06+00:00,btc_mxn,1139049.98,1139050.02,0.0
2024-07-18 17:42:07+00:00,btc_mxn,1139049.98,1139050.02,0.0
2024-07-18 17:42:08+00:00,btc_mxn,1139049.98,1139050.02,0.0
2024-07-18 17:42:09+00:00,btc_mxn,1139049.98,1139050.02,0.0
2024-07-18 17:42:10+00:00,btc_mxn,1139049.98,1139050.02,0.0
2024-07-18 17:42:11+00:00,btc_mxn,1139049.98,1139050.02,0.0
2024-07-18 17:42:12+00:00,btc_mxn,1139049.98,1139050.02,0.0
2024-07-18 17:42:13+00:00,btc_mxn,1139049.98,1139050.02,0.0
2024-07-18 17:42:14+00:00,btc_mxn,1139049.98,1139050.02,0.0
2024-07-18 17:42:15+00:00,btc_mxn,1139049.98,1139050.02,0.0
2024-07-18 17:42:16+00:00,btc_mxn,1139049.98,1139050.02,0.0
2024-07-18 17:42:17+00:00,btc_mxn,1139049.98,1139050.02,0.0
2024-07-18 17:42:18+00:00,btc_mxn,1139049.98,1139050.02,0.0
2024-07-18 17:42:19+00:00,btc_mxn,1139049.98,1139050.02,0.0
2024-07-18 17:42:20+00:00,btc_mxn,1139049.98,1139050.02,0.0
2024-07-18 17:42:21+00:00,btc_mxn,1139049.98,1139050.02,0.0
2024-07-18 17:42:22+00:00,btc_mxn,1139049.98,1139050.02,0.0
2024-07-18 17:42:23+00:00,btc_mxn,1139049.98,1139050.02,0.0
2024-07-18 17:42:24+00:00,btc_mxn,1139049.98,1139050.02,0.0
2024-07-18 17:42:25+00:00,btc_mxn,1139049.98,1139050.02,0.0
2024-07-18 17:42:26+00:00,btc_mxn,1139049.98,1139050.02,0.0
2024-07-18 17:42:27+00:00,btc_mxn,1139049.98,1139050.02,0.0
2024-07-18 17:42:28+00:00,btc_mxn,1139049.98,1139050.02,0.0
2024-07-18 17:42:29+00:00,btc_mxn,1139049.98,1139050.02,0.0
2024-07-18 17:42:30+00:00,btc_mxn,1139049.98,1139050.02,0.0
2024-07-18 17:42:31+00:00,btc_mxn,1139049.98,1139050.02,0.0
2024-07-18 17:42:32+00:00,btc_mxn,1139049.98,1139050.02,0.0
2024-07-18 17:42:33+00:00,btc_mxn,1139049.98,1139050.02,0.0
2024-07-18 17:42:34+00:00,btc_mxn,1139049.98,1139050.02,0.0
2024-07-18 17:42:35+00:00,btc_mxn,1139049.98,1139050.02,0.0
2024-07-18 17:42:36+00:00,btc_mxn,1139049.98,1139050.02,0.0
2024-07-18 17:42:37+00:00,btc_mxn,1139049.98,1139050.02,0.0
2024-07-18 17:42:38+00:00,btc_mxn,1139049.98,1139050.02,0.0
2024-07-18 17:42:39+00:00,btc_mxn,1139049.98,1139050.02,0.0
2024-07-18 17:42:41+00:00,btc_mxn,1139049.98,1139050.02,0.0
2024-07-18 17:42:41+00:00,btc_mxn,1139049.98,1139050.02,0.0
2024-07-18 17:42:43+00:00,btc_mxn,1139049.98,1139050.02,0.0
2024-07-18 17:42:44+00:00,btc_mxn,1139049.98,1139050.02,0.0
2024-07-18 17:42:45+00:00,btc_mxn,1139049.98,1139050.02,0.0
2024-07-18 17:42:46+00:00,btc_mxn,1139049.98,1139050.02,0.0
2024-07-18 17:42:47+00:00,btc_mxn,1139049.98,1139050.02,0.0
2024-07-18 17:42:48+00:00,btc_mxn,1139049.98,1139050.02,0.0
2024-07-18 17:42:49+00:00,btc_mxn,1139049.98,1139050.02,0.0
2024-07-18 17:42:50+00:00,btc_mxn,1139049.98,1139050.02,0.0
2024-07-18 17:42:51+00:00,btc_mxn,1139049.98,1139050.02,0.0
2024-07-18 17:42:52+00:00,btc_mxn,1139049.98,1139050.02,0.0
2024-07-18 17:42:53+00:00,btc_mxn,1139049.98,1139050.02,0.0
2024-07-18 17:42:54+00:00,btc_mxn,1139049.98,1139050.02,0.0
2024-07-18 17:42:55+00:00,btc_mxn,1139049.98,1139050.02,0.0
2024-07-18 17:42:56+00:00,btc_mxn,1139049.98,1139050.02,0.0
2024-07-18 17:42:57+00:00,btc_mxn,1139049.98,1139050.02,0.0
2024-07-18 17:42:58+00:00,btc_mxn,1139049.98,1139050.02,0.0
2024-07-18 17:42:59+00:00,btc_mxn,1139049.98,1139050.02,0.0
2024-07-18 17:43:00+00:00,btc_mxn,1139049.98,1139050.02,0.0
2024-07-18 17:43:01+00:00,btc_mxn,1139049.98,1139050.02,0.0
2024-07-18 17:43:02+00:00,btc_mxn,1139049.98,1139050.02,0.0
2024-07-18 17:43:03+00:00,btc_mxn,1139049.98,1139050.02,0.0
2024-07-18 17:43:04+00:00,btc_mxn,1139049.98,1139050.02,0.0
2024-07-18 17:43:05+00:00,btc_mxn,1139049.98,1139050.02,0.0
2024-07-18 17:43:06+00:00,btc_mxn,1139049.98,1139050.02,0.0
2024-07-18 17:43:07+00:00,btc_mxn,1139049.98,1139050.02,0.0
2024-07-18 17:43:08+00:00,btc_mxn,1139049.98,1139050.02,0.0
2024-07-18 17:43:09+00:00,btc_mxn,1139049.98,1139050.02,0.0
2024-07-18 17:43:10+00:00,btc_mxn,1139049.98,1139050.02,0.0
2024-07-18 17:43:11+00:00,btc_mxn,1139049.98,1139050.02,0.0
2024-07-18 17:43:12+00:00,btc_mxn,1139049.98,1139050.02,0.0
2024-07-18 17:43:13+00:00,btc_mxn,1139049.98,1139050.02,0.0
2024-07-18 17:43:14+00:00,btc_mxn,1139049.98,1139050.02,0.0
2024-07-18 17:43:15+00:00,btc_mxn,1139049.98,1139050.02,0.0
2024-07-18 17:43:16+00:00,btc_mxn,1139049.98,1139050.02,0.0
2024-07-18 17:43:17+00:00,btc_mxn,1139049.98,1139050.02,0.0
2024-07-18 17:43:18+00:00,btc_mxn,1139049.98,1139050.02,0.0
2024-07-18 17:43:19+00:00,btc_mxn,1139049.98,1139050.02,0.0
2024-07-18 17:43:20+00:00,btc_mxn,1139049.98,1139050.02,0.0
2024-07-18 17:43:21+00:00,btc_mxn,1139049.98,1139050.02,0.0
2024-07-18 17:43:22+00:00,btc_mxn,1139049.98,1139050.02,0.0
2024-07-18 17:43:23+00:00,btc_mxn,1139049.98,1139050.02,0.0
2024-07-18 17:43:24+00:00,btc_mxn,1139049.98,1139050.02,0.0
2024-07-18 17:43:25+00:00,btc_mxn,1139049.98,1139050.02,0.0
2024-07-18 17:43:26+00:00,btc_mxn,1139049.98,1139050.02,0.0
2024-07-18 17:43:28+00:00,btc_mxn,1139049.98,1139050.02,0.0
2024-07-18 17:43:28+00:00,btc_mxn,1139049.98,1139050.02,0.0
2024-07-18 17:43:29+00:00,btc_mxn,1139049.98,1139050.02,0.0
2024-07-18 17:43:30+00:00,btc_mxn,1139049.98,1139050.02,0.0
2024-07-18 17:43:31+00:00,btc_mxn,1139049.98,1139050.02,0.0
2024-07-18 17:43:32+00:00,btc_mxn,1139049.98,1139050.02,0.0
2024-07-18 17:43:33+00:00,btc_mxn,1139049.98,1139050.02,0.0
2024-07-18 17:43:34+00:00,btc_mxn,1139049.98,1139050.02,0.0
2024-07-18 17:43:35+00:00,btc_mxn,1139049.98,1139050.02,0.0
2024-07-18 17:43:36+00:00,btc_mxn,1139049.98,1139050.02,0.0
2024-07-18 17:43:37+00:00,btc_mxn,1139049.98,1139050.02,0.0
2024-07-18 17:43:38+00:00,btc_mxn,1139049.98,1139050.02,0.0
2024-07-18 17:43:40+00:00,btc_mxn,1139049.98,1139050.02,0.0
2024-07-18 17:43:40+00:00,btc_mxn,1139049.98,1139050.02,0.0
2024-07-18 17:43:42+00:00,btc_mxn,1139049.98,1139050.02,0.0
2024-07-18 17:43:43+00:00,btc_mxn,1139049.98,1139050.02,0.0
2024-07-18 17:43:44+00:00,btc_mxn,1139049.98,1139050.02,0.0
2024-07-18 17:43:45+00:00,btc_mxn,1139049.98,1139050.02,0.0
2024-07-18 17:43:46+00:00,btc_mxn,1139049.98,1139050.02,0.0
2024-07-18 17:43:47+00:00,btc_mxn,1139049.98,1139050.02,0.0
2024-07-18 17:43:48+00:00,btc_mxn,1139049.98,1139050.02,0.0
2024-07-18 17:43:49+00:00,btc_mxn,1139049.98,1139050.02,0.0
2024-07-18 17:43:50+00:00,btc_mxn,1139049.98,1139050.02,0.0
2024-07-18 17:43:51+00:00,btc_mxn,1139049.98,1139050.02,0.0
2024-07-18 17:43:52+00:00,btc_mxn,1139049.98,1139050.02,0.0
2024-07-18 17:43:53+00:00,btc_mxn,1139049.98,1139050.02,0.0
2024-07-18 17:43:54+00:00,btc_mxn,1139049.98,1139050.02,0.0
2024-07-18 17:43:55+00:00,btc_mxn,1139049.98,1139050.02,0.0
2024-07-18 17:43:56+00:00,btc_mxn,1139049.98,1139050.02,0.0
2024-07-18 17:43:57+00:00,btc_mxn,1139049.98,1139050.02,0.0
2024-07-18 17:43:58+00:00,btc_mxn,1139049.98,1139050.02,0.0
2024-07-18 17:43:59+00:00,btc_mxn,1139049.98,1139050.02,0.0
2024-07-18 17:44:00+00:00,btc_mxn,1139049.98,1139050.02,0.0
2024-07-18 17:44:01+00:00,btc_mxn,1139049.98,1139050.02,0.0
2024-07-18 17:44:02+00:00,btc_mxn,1139049.98,1139050.02,0.0
2024-07-18 17:44:03+00:00,btc_mxn,1139049.98,1139050.02,0.0
2024-07-18 17:44:04+00:00,btc_mxn,1139049.98,1139050.02,0.0
2024-07-18 17:44:05+00:00,btc_mxn,1139049.98,1139050.02,0.0
2024-07-18 17:44:06+00:00,btc_mxn,1139049.98,1139050.02,0.0
2024-07-18 17:44:07+00:00,btc_mxn,1139049.98,1139050.02,0.0
2024-07-18 17:44:08+00:00,btc_mxn,1139049.98,1139050.02,0.0
2024-07-18 17:44:09+00:00,btc_mxn,1139049.98,1139050.02,0.0
2024-07-18 17:44:11+00:00,btc_mxn,1139049.98,1139050.02,0.0
2024-07-18 17:44:12+00:00,btc_mxn,1139049.98,1139050.02,0.0
2024-07-18 17:44:13+00:00,btc_mxn,1139049.98,1139050.02,0.0
2024-07-18 17:44:14+00:00,btc_mxn,1139049.98,1139050.02,0.0
2024-07-18 17:44:15+00:00,btc_mxn,1139049.98,1139050.02,0.0
2024-07-18 17:44:16+00:00,btc_mxn,1139049.98,1139050.02,0.0
2024-07-18 17:44:17+00:00,btc_mxn,1139049.98,1139050.02,0.0
2024-07-18 17:44:18+00:00,btc_mxn,1139049.98,1139050.02,0.0
2024-07-18 17:44:19+00:00,btc_mxn,1139049.98,1139050.02,0.0
2024-07-18 17:44:20+00:00,btc_mxn,1139049.98,1139050.02,0.0
2024-07-18 17:44:21+00:00,btc_mxn,1139049.98,1139050.02,0.0
2024-07-18 17:44:22+00:00,btc_mxn,1139049.98,1139050.02,0.0
2024-07-18 17:44:23+00:00,btc_mxn,1139049.98,1139050.02,0.0
2024-07-18 17:44:24+00:00,btc_mxn,1139049.98,1139050.02,0.0
2024-07-18 17:44:25+00:00,btc_mxn,1139049.98,1139050.02,0.0
2024-07-18 17:44:26+00:00,btc_mxn,1139049.98,1139050.02,0.0
2024-07-18 17:44:27+00:00,btc_mxn,1139049.98,1139050.02,0.0
2024-07-18 17:44:28+00:00,btc_mxn,1139049.98,1139050.02,0.0
2024-07-18 17:44:29+00:00,btc_mxn,1139049.98,1139050.02,0.0
2024-07-18 17:44:30+00:00,btc_mxn,1139049.98,1139050.02,0.0
2024-07-18 17:44:31+00:00,btc_mxn,1139049.98,1139050.02,0.0
2024-07-18 17:44:32+00:00,btc_mxn,1139049.98,1139050.02,0.0
2024-07-18 17:44:33+00:00,btc_mxn,1139049.98,1139050.02,0.0
2024-07-18 17:44:34+00:00,btc_mxn,1139049.98,1139050.02,0.0
2024-07-18 17:44:35+00:00,btc_mxn,1139049.98,1139050.02,0.0
2024-07-18 17:44:36+00:00,btc_mxn,1139049.98,1139050.02,0.0
2024-07-18 17:44:37+00:00,btc_mxn,1139049.98,1139050.02,0.0
2024-07-18 17:44:38+00:00,btc_mxn,1139049.98,1139050.02,0.0
2024-07-18 17:44:39+00:00,btc_mxn,1139049.98,1139050.02,0.0
2024-07-18 17:44:40+00:00,btc_mxn,1139049.98,1139050.02,0.0
2024-07-18 17:44:41+00:00,btc_mxn,1139049.98,1139050.02,0.0
2024-07-18 17:44:42+00:00,btc_mxn,1139049.98,1139050.02,0.0
2024-07-18 17:44:43+00:00,btc_mxn,1139049.98,1139050.02,0.0
2024-07-18 17:44:44+00:00,btc_mxn,1139049.98,1139050.02,0.0
2024-07-18 17:44:45+00:00,btc_mxn,1139049.98,1139050.02,0.0
2024-07-18 17:44:46+00:00,btc_mxn,1139049.98,1139050.02,0.0
2024-07-18 17:44:48+00:00,btc_mxn,1139049.98,1139050.02,0.0
2024-07-18 17:44:49+00:00,btc_mxn,1139049.98,1139050.02,0.0
2024-07-18 17:44:50+00:00,btc_mxn,1139049.98,1139050.02,0.0
2024-07-18 17:44:51+00:00,btc_mxn,1139049.98,1139050.02,0.0
2024-07-18 17:44:52+00:00,btc_mxn,1139049.98,1139050.02,0.0
2024-07-18 17:44:53+00:00,btc_mxn,1139049.98,1139050.02,0.0
2024-07-18 17:44:54+00:00,btc_mxn,1139049.98,1139050.02,0.0
2024-07-18 17:44:55+00:00,btc_mxn,1139049.98,1139050.02,0.0
2024-07-18 17:44:56+00:00,btc_mxn,1139049.98,1139050.02,0.0
2024-07-18 17:44:57+00:00,btc_mxn,1139049.98,1139050.02,0.0
2024-07-18 17:44:58+00:00,btc_mxn,1139049.98,1139050.02,0.0
2024-07-18 17:44:59+00:00,btc_mxn,1139049.98,1139050.02,0.0
2024-07-18 17:45:00+00:00,btc_mxn,1139049.98,1139050.02,0.0
2024-07-18 17:45:01+00:00,btc_mxn,1139049.98,1139050.02,0.0
2024-07-18 17:45:02+00:00,btc_mxn,1139049.98,1139050.02,0.0
2024-07-18 17:45:03+00:00,btc_mxn,1139049.98,1139050.02,0.0
2024-07-18 17:45:04+00:00,btc_mxn,1139049.98,1139050.02,0.0
2024-07-18 17:45:05+00:00,btc_mxn,1139049.98,1139050.02,0.0
2024-07-18 17:45:06+00:00,btc_mxn,1139049.98,1139050.02,0.0
2024-07-18 17:45:07+00:00,btc_mxn,1139049.98,1139050.02,0.0
2024-07-18 17:45:08+00:00,btc_mxn,1139049.98,1139050.02,0.0
2024-07-18 17:45:09+00:00,btc_mxn,1139049.98,1139050.02,0.0
2024-07-18 17:45:10+00:00,btc_mxn,1139049.98,1139050.02,0.0
2024-07-18 17:45:11+00:00,btc_mxn,1139049.98,1139050.02,0.0
2024-07-18 17:45:12+00:00,btc_mxn,1139049.98,1139050.02,0.0
2024-07-18 17:45:13+00:00,btc_mxn,1139049.98,1139050.02,0.0
2024-07-18 17:45:15+00:00,btc_mxn,1139049.98,1139050.02,0.0
2024-07-18 17:45:16+00:00,btc_mxn,1139049.98,1139050.02,0.0
2024-07-18 17:45:18+00:00,btc_mxn,1139049.98,1139050.02,0.0
2024-07-18 17:45:19+00:00,btc_mxn,1139049.98,1139050.02,0.0
2024-07-18 17:45:20+00:00,btc_mxn,1139049.98,1139050.02,0.0
2024-07-18 17:45:21+00:00,btc_mxn,1139049.98,1139050.02,0.0
2024-07-18 17:45:22+00:00,btc_mxn,1139049.98,1139050.02,0.0
2024-07-18 17:45:23+00:00,btc_mxn,1139049.98,1139050.02,0.0
2024-07-18 17:45:24+00:00,btc_mxn,1139049.98,1139050.02,0.0
2024-07-18 17:45:25+00:00,btc_mxn,1139049.98,1139050.02,0.0
2024-07-18 17:45:26+00:00,btc_mxn,1139049.98,1139050.02,0.0
2024-07-18 17:45:27+00:00,btc_mxn,1139049.98,1139050.02,0.0
2024-07-18 17:45:28+00:00,btc_mxn,1139049.98,1139050.02,0.0
2024-07-18 17:45:29+00:00,btc_mxn,1139049.98,1139050.02,0.0
2024-07-18 17:45:30+00:00,btc_mxn,1139049.98,1139050.02,0.0
2024-07-18 17:45:31+00:00,btc_mxn,1139049.98,1139050.02,0.0
2024-07-18 17:45:32+00:00,btc_mxn,1139049.98,1139050.02,0.0
2024-07-18 17:45:33+00:00,btc_mxn,1139049.98,1139050.02,0.0
2024-07-18 17:45:34+00:00,btc_mxn,1139049.98,1139050.02,0.0
2024-07-18 17:45:36+00:00,btc_mxn,1139049.98,1139050.02,0.0
2024-07-18 17:45:36+00:00,btc_mxn,1139049.98,1139050.02,0.0
2024-07-18 17:45:37+00:00,btc_mxn,1139049.98,1139050.02,0.0
2024-07-18 17:45:38+00:00,btc_mxn,1139049.98,1139050.02,0.0
2024-07-18 17:45:39+00:00,btc_mxn,1139049.98,1139050.02,0.0
2024-07-18 17:45:40+00:00,btc_mxn,1139049.98,1139050.02,0.0
2024-07-18 17:45:41+00:00,btc_mxn,1139049.98,1139050.02,0.0
2024-07-18 17:45:42+00:00,btc_mxn,1139049.98,1139050.02,0.0
2024-07-18 17:45:44+00:00,btc_mxn,1139049.98,1139050.02,0.0
2024-07-18 17:45:44+00:00,btc_mxn,1139049.98,1139050.02,0.0
2024-07-18 17:45:46+00:00,btc_mxn,1139049.98,1139050.02,0.0
2024-07-18 17:45:47+00:00,btc_mxn,1139049.98,1139050.02,0.0
2024-07-18 17:45:48+00:00,btc_mxn,1139049.98,1139050.02,0.0
2024-07-18 17:45:49+00:00,btc_mxn,1139049.98,1139050.02,0.0
2024-07-18 17:45:50+00:00,btc_mxn,1139049.98,1139050.02,0.0
2024-07-18 17:45:51+00:00,btc_mxn,1139049.98,1139050.02,0.0
2024-07-18 17:45:52+00:00,btc_mxn,1139049.98,1139050.02,0.0
2024-07-18 17:45:53+00:00,btc_mxn,1139049.98,1139050.02,0.0
2024-07-18 17:45:54+00:00,btc_mxn,1139049.98,1139050.02,0.0
2024-07-18 17:45:55+00:00,btc_mxn,1139049.98,1139050.02,0.0
2024-07-18 17:45:56+00:00,btc_mxn,1139049.98,1139050.02,0.0
2024-07-18 17:45:57+00:00,btc_mxn,1139049.98,1139050.02,0.0
2024-07-18 17:45:58+00:00,btc_mxn,1139049.98,1139050.02,0.0
2024-07-18 17:45:59+00:00,btc_mxn,1139049.98,1139050.02,0.0
2024-07-18 17:46:00+00:00,btc_mxn,1139049.98,1139050.02,0.0
2024-07-18 17:46:01+00:00,btc_mxn,1139049.98,1139050.02,0.0
2024-07-18 17:46:02+00:00,btc_mxn,1139049.98,1139050.02,0.0
2024-07-18 17:46:03+00:00,btc_mxn,1139049.98,1139050.02,0.0
2024-07-18 17:46:04+00:00,btc_mxn,1137580.0,1140510.0,0.257
2024-07-18 17:46:05+00:00,btc_mxn,1137590.0,1140510.0,0.256
2024-07-18 17:46:06+00:00,btc_mxn,1137590.0,1141550.0,0.347
2024-07-18 17:46:07+00:00,btc_mxn,1137670.0,1141550.0,0.34
2024-07-18 17:46:08+00:00,btc_mxn,1137670.0,1141550.0,0.34
2024-07-18 17:46:09+00:00,btc_mxn,1137730.0,1141550.0,0.335
2024-07-18 17:46:10+00:00,btc_mxn,1137730.0,1141550.0,0.335
2024-07-18 17:46:11+00:00,btc_mxn,1137730.0,1141540.0,0.334
2024-07-18 17:46:12+00:00,btc_mxn,1137730.0,1141540.0,0.334
2024-07-18 17:46:13+00:00,btc_mxn,1137730.0,1141540.0,0.334
2024-07-18 17:46:14+00:00,btc_mxn,1137730.0,1141540.0,0.334
2024-07-18 17:46:16+00:00,btc_mxn,1137650.0,1140090.0,0.214
2024-07-18 17:46:16+00:00,btc_mxn,1137650.0,1140090.0,0.214
2024-07-18 17:46:17+00:00,btc_mxn,1137650.0,1140090.0,0.214
2024-07-18 17:46:18+00:00,btc_mxn,1137650.0,1140090.0,0.214
2024-07-18 17:46:19+00:00,btc_mxn,1137650.0,1140090.0,0.214
2024-07-18 17:46:20+00:00,btc_mxn,1137650.0,1140090.0,0.214
2024-07-18 17:46:21+00:00,btc_mxn,1137650.0,1140090.0,0.214
2024-07-18 17:46:22+00:00,btc_mxn,1137650.0,1140090.0,0.214
2024-07-18 17:46:24+00:00,btc_mxn,1137650.0,1140090.0,0.214
2024-07-18 17:46:25+00:00,btc_mxn,1137650.0,1140090.0,0.214
2024-07-18 17:46:26+00:00,btc_mxn,1137650.0,1140090.0,0.214
2024-07-18 17:46:27+00:00,btc_mxn,1137650.0,1140380.0,0.239
2024-07-18 17:46:28+00:00,btc_mxn,1137650.0,1140380.0,0.239
2024-07-18 17:46:29+00:00,btc_mxn,1137650.0,1140380.0,0.239
2024-07-18 17:46:30+00:00,btc_mxn,1137650.0,1140380.0,0.239
2024-07-18 17:46:31+00:00,btc_mxn,1137650.0,1140380.0,0.239
2024-07-18 17:46:32+00:00,btc_mxn,1137650.0,1140380.0,0.239
2024-07-18 17:46:33+00:00,btc_mxn,1137650.0,1140380.0,0.239
2024-07-18 17:46:34+00:00,btc_mxn,1137650.0,1140380.0,0.239
2024-07-18 17:46:35+00:00,btc_mxn,1137650.0,1140380.0,0.239
2024-07-18 17:46:36+00:00,btc_mxn,1137650.0,1140380.0,0.239
2024-07-18 17:46:37+00:00,btc_mxn,1137650.0,1140380.0,0.239
2024-07-18 17:46:38+00:00,btc_mxn,1137650.0,1140380.0,0.239
